@Preamble{"\newcommand{\noopsort}[1]{}"}

@Article{2020SciPy-NMeth,
  language =	 {english},
  author =	 {Virtanen, Pauli and
		  Gommers, Ralf and
		  Oliphant, Travis E. and
		  Haberland, Matt and
		  Reddy, Tyler and
		  Cournapeau, David and
		  Burovski, Evgeni and
		  Peterson, Pearu and
		  Weckesser, Warren and
		  Bright, Jonathan and
		  van der Walt, St{\'e}fan J. and
		  Brett, Matthew and
		  Wilson, Joshua and
		  Jarrod Millman, K.  and
		  Mayorov, Nikolay and
		  Nelson, Andrew R.~J. and
		  Jones, Eric and
		  Kern, Robert and
		  Larson, Eric and
		  Carey, CJ and
		  Polat, {\.I}lhan and
		  Feng, Yu and
		  Moore, Eric W. and
		  Vand erPlas, Jake and
		  Laxalde, Denis and
		  Perktold, Josef and
		  Cimrman, Robert and
		  Henriksen, Ian and
		  Quintero, E.~A. and
		  Harris, Charles R and
		  Archibald, Anne M. and
		  Ribeiro, Ant{\^o}nio H. and
		  Pedregosa, Fabian and
		  van Mulbregt, Paul and
		  {Contributors}, SciPy 1.0},
  title =	 {{SciPy} 1.0: {F}undamental Algorithms for Scientific
				Computing in {P}ython},
  journal =	 {Nature Methods},
  year =	 2020,
  volume =	 17,
  pages =	 {261--272},
  adsurl =	 {https://rdcu.be/b08Wh},
  doi =		 {10.1038/s41592-019-0686-2}
}

@Misc{IEEE19:_754_floating_point,
  language =	 {english},
  author =	 {{Institute of ELectrical and Electronics Engineers}},
  title =	 {754-2019 {IEEE} Standard for Floating-Point Arithmetic},
  howpublished = {\url{https://standards.ieee.org/content/ieee-standards/en/standard/754-2019.html}},
  month =	 jul,
  year =	 2019
}

@Misc{ISO11:_floating_point,
  language =	 {english},
  author =	 {{International Standards Organization}},
  title =	 {{ISO/IEC/IEEE} 60559:2011
		  {I}nformation technology
		    -- {M}icroprocessor {S}ystems
		    -- {F}loating-{P}oint arithmetic},
  howpublished = {\url{https://www.iso.org/standard/57469.html}},
  year =	 2011
}

@Misc{ISO14:_C++,
  language =	 {english},
  author =	 {{International Standards Organization}},
  title =	 {International {S}tandard {ISO/IEC} 14882:214{(E)}
		  -- {P}rogramming {L}anguage {C++}},
  year =	 2014,
  where =	 {git://github.com/cplusplus/draft}
}

@Misc{ISO17:_C++,
  language =	 {english},
  author =	 {{International Standards Organization}},
  title =	 {International {S}tandard {ISO/IEC} 14882:2017
		  -- {P}rogramming {L}anguage {C++}},
  year =	 2017,
  where =	 {git://github.com/cplusplus/draft}
}

@Misc{NIST:_dict_algorithms_data_struct,
  language =	 {english},
  key =		 {NIST:dads},
  author =	 {Pieterse, Vreda and
		  Black (eds), Paul E.},
  title =	 {Dictionary of Algorithms and Data Structures},
  howpublished = {\url{https://www.nist.gov/dads}},
  note =	 {National Institute of Standards and Technology}
}

@Misc{OpenDSA16:_senior_algorithms,
  language =	 {english},
  key =		 {OpenDSA:CS4104},
  title =	 {Senior Algorithms},
  howpublished = {\url{https://opendsa-server.cs.vt.edu/ODSA/Books/CS4104/html}},
  month =	 jan,
  year =	 2016
}

@Misc{SGI00:_STL,
  language =	 {english},
  author =	 {Silicon Graphics International},
  title =	 {Standard {T}emplate {L}ibrary Programmer's Guide},
  howpublished = {\url{http://www.sgi.com/tech/stl}},
  month =	 jun,
  year =	 2000,
  note =	 {(version 3.3)}
}

@Misc{SGI00:_STL_complexity,
  language =	 {english},
  author =	 {Silicon Graphics International},
  title =	 {{STL} Complexity Specifications},
  howpublished = {\url{http://www.sgi.com/tech/stl/complexity.html}},
  month =	 jun,
  year =	 2000
}

@Article{ackermann28:_zum_hilbert_aufbau_zahlen,
  language =	 {german},
  author =	 {Ackermann, Wilhelm},
  title =	 {Zum Hilbertschen Aufbau der reellen Zahlen},
  journal =	 {Mathematische Annalen},
  year =	 1928,
  volume =	 99,
  number =	 1,
  pages =	 {118-133},
  month =	 dec,
  doi =		 {10.1007/BF01459088}
}

@Book{acton90:_numer_methods_usual_work,
  language =	 {english},
  author =	 {Acton, Forman S.},
  title =	 {Numerical Methods that (Usually) Work},
  publisher =	 {The Mathematical Association of America},
  year =	 1990,
  note =	 {Updated and revised from the 1970 edition}
}

@InProceedings{adleman77:_taking_roots_finite_fields,
  language =	 {english},
  author =	 {Adleman, Leonard and
		  Manders, Kenneth and
		  Miller, Gary L.},
  title =	 {On Taking Roots in Finite Fields},
  booktitle =	 {Proceedings of the 18th
		  Annual Symposium on Foundations of Computer Science},
  year =	 1977,
  pages =	 {175â€“178},
  month =	 sep,
  doi =		 {10.1109/SFCS.1977.18},
  where =	 {https://www.cs.cmu.edu/~glmiller/Publications/AMM77.pdf}
}

@Article{aho76:_bound_compl_longes_common_subseq_probl,
  language =	 {english},
  author =	 {Aho, A. V. and
		  Hirschberg, D. S. and
		  Ullman, J. D.},
  title =	 {Bounds on the Complexity
		  of the Longest Common Subsequence Problem},
  journal =	 {Journal of the ACM},
  year =	 1976,
  volume =	 23,
  number =	 1,
  pages =	 {1-12},
  month =	 jan,
  doi =		 {10.1145/321921.321922}
}

@Article{aitken27:_delta_squared,
  language =	 {english},
  author =	 {Aitken, Alexander C.},
  title =	 {On {B}ernoulli's Numerical Solution of Algebraic Equations},
  journal =	 {Proceedings of the Royal Society of Edinburgh},
  year =	 1927,
  volume =	 46,
  pages =	 {289-305},
  doi =		 {10.1017/S0370164600022070}
}

@Article{akra98:_solution_linear_recurrennce_equations,
  language =	 {english},
  author =	 {Akra, Mohamad and
		  Bazzi, Louay},
  title =	 {On the Solution of Linear Recurrence Equations},
  journal =	 {Computational Optimization and Applications},
  year =	 1998,
  volume =	 10,
  number =	 2,
  pages =	 {195-210},
  month =	 may,
  doi =		 {10.1023/A:1018373005182}
}

@Article{alefeld95:_ToMS748,
  language =	 {english},
  author = 	 {Alefeld, G. E. and
                  Potra, F. A. and
		  Shi, Yixun},
  title = 	 {Algorithm 748: Enclosing Zeros of Continuous Functions},
  journal = 	 {ACM Transactions on Mathematical Software},
  year = 	 1995,
  volume = 	 21,
  number = 	 3,
  pages = 	 {327-344},
  month = 	 sep,
  doi =		 {10.1145/210089.210111}
}

@Book{alon15:_probabilistic_method,
  language =	 {english},
  author =	 {Alon, Noga and
		  Spencer, Joel H.},
  title =	 {The Probabilistic Method},
  publisher =	 {John Wiley \& Sons},
  year =	 2015,
  series =	 {Wiley Series in Discrete Mathematics and Optimization},
  edition =	 {Fourth}
}

@Misc{angell05:_basic_theo_linear_progr,
  language =	 {english},
  author =	 {Angell, Thomas},
  title =	 {Basic Theorem of Linear Programming},
  howpublished = {\url{http://www.math.udel.edu/~angell/basicth.pdf}},
  month =	 oct,
  year =	 2005,
  note =	 {Department of Mathematical Sciences,
		  University of Delaware}
}

@Misc{angell05:_extreme_point_basic_soln,
  language =	 {english},
  author =	 {Angell, Thomas},
  title =	 {Extreme Points and Basic Solutions},
  howpublished = {\url{http://www.math.udel.edu/~angell/extr-basic.pdf}},
  month =	 oct,
  year =	 2005,
  note =	 {Department of Mathematical Sciences,
		  University of Delaware}
}

@Misc{angell12:_notes_linear_progr,
  language =	 {english},
  author =	 {Angell, Thomas},
  title =	 {Notes on Linear Programming},
  howpublished = {\url{http://www.math.udel.edu/~angell/Opt/lin_pgm.pdf}},
  month =	 aug,
  year =	 2012,
  note =	 {Department of Mathematical Sciences,
		  University of Delaware}
}

@InProceedings{aragon89:_random_search_tree,
  language =	 {english},
  author =	 {Aragon, Cecilia R. and
		  Seidel, Raimund G.},
  booktitle =	 {Thirtieth Annual Symposium
		  on Foundations of Computer Science},
  title =	 {Randomized Search Trees},
  year =	 1989,
  month =	 "October -- November",
  pages =	 {540-545},
  abstract =	 {A randomized strategy for maintaining balance in
		  dynamically changing search trees that has optimal
		  expected behavior is presented. In particular, in
		  the expected case an update takes logarithmic time
		  and requires fewer than two rotations. Moreover, the
		  update time remains logarithmic, even if the cost of
		  a rotation is taken to be proportional to the size
		  of the rotated subtree. The approach generalizes
		  naturally to weighted trees, where the expected time
		  bounds for accesses and updates again match the
		  worst case time bounds of the best deterministic
		  methods. The balancing strategy and algorithms are
		  exceedingly simple and should be fast in practice},
  keywords =	 {balancing strategy;dynamically changing search
		  trees;expected time bounds;logarithmic time;optimal
		  expected behavior;rotated subtree;tree
		  balancing;update time;weighted trees;computational
		  complexity;data structures;search problems;trees
		  (mathematics);},
  doi =		 {10.1109/SFCS.1989.63531},
  where =	 {http://faculty.washington.edu/aragon/pubs/rst89.pdf}
}

@Book{arndt11:_matters_computational,
  language =	 {english},
  author =	 {Arndt, J{\"o}rg},
  title =	 {Matters Computational: Ideas, Algorithms, Source Code},
  publisher =	 {Springer},
  year =	 2011,
  isbn13 =	 {978-3-642-14763-0},
  doi =		 {10.1007/978-3-642-14764-7},
  where =	 {http://www.jjj.de/fxt/fxtbook.pdf}
}

@Book{arora09:_computational_complexity,
  language =	 {english},
  author =	 {Arora, Sanjeev and
		  Barak, Boaz},
  title =	 {Computational Complexity:
		  A Modern Approach},
  publisher =	 {Cambridge University Press},
  year =	 2009,
  isbn13 =	 {978-0521424264},
  where =	 {http://theory.cs.princeton.edu/complexity/book.pdf}
}

@Book{ash08:_basic_probab_theo,
  language =	 {english},
  author =	 {Ash, Robert B.},
  title =	 {Basic Probability Theory},
  publisher =	 {Dover Publications, Inc.},
  year =	 2008,
  where =	 {http://www.math.uiuc.edu/~r-ash/BPT.html}
}

@Misc{aspnes16:_notes_randomized_algorithms,
  language =	 {english},
  author =	 {Aspnes, James},
  title =	 {Notes on Randomized Algorithms {I}:
		  {CPSC} 469/569: Fall 2016},
  howpublished = {\url{http://cs-www.cs.yale.edu/homes/aspnes/classes/469/notes.pdf}},
  month =	 nov,
  year =	 2016,
  note =	 {Department of Computer Science,
		  Yale University}
}

@Misc{aspnes18:_notes_randomized_algorithms,
  language =	 {english},
  author =	 {Aspnes, James},
  title =	 {Notes on Randomized Algorithms,
		  {CPSC} 469/569: Fall 2018},
  howpublished = {\url{http://cs-www.cs.yale.edu/homes/aspnes/classes/469/notes.pdf}},
  month =	 feb,
  year =	 2018,
  note =	 {Department of Computer Science,
		  Yale University}
}

@Misc{aspnes19:_notes_randomized_algorithms,
  language =	 {english},
  author =	 {Aspnes, James},
  title =	 {Notes on Randomized Algorithms,
		  CPSC 469/569: Fall 2019},
  howpublished = {\url{http://cs-www.cs.yale.edu/homes/aspnes/classes/469/notes.pdf}},
  month =	 dec,
  year =	 2019,
  note =	 {Department of Computer Science,
		  Yale University}
}

@Misc{aspnes20:_notes_randomized_algorithms,
  language =	 {english},
  author =	 {Aspnes, James},
  title =	 {Notes on Randomized Algorithms},
  howpublished = {\url{http://cs-www.cs.yale.edu/homes/aspnes/classes/469/notes.pdf}},
  month =	 mar,
  year =	 2020,
  note =	 {Department of Computer Science,
		  Yale University}
}

@Article{astrachan03:_bubble_sort,
  language =	 {english},
  author =	 {Astrachan, Owen},
  title =	 {Bubble Sort: An Archaeological Algorithmic Analysis},
  journal =	 {ACM SIGSCE Bulletin},
  year =	 2003,
  volume =	 35,
  number =	 1,
  pages =	 {1-5},
  month =	 jan,
  doi =		 {10.1145/792548.611918},
  where =	 {https://users.cs.duke.edu/~ola/bubble/bubble.pdf}
}

@Book{astrachan99:_computer_science_tapestry,
  language =	 {english},
  author =	 {Astrachan, Owen L.},
  title =	 {A Computer Science Tapestry:
		  Exporing Programming and Computer Science with {C++}},
  publisher =	 {McGraw-Hill},
  year =	 1999,
  edition =	 {Second},
  isbn10 =	 0072322039,
  where =	 {https://www2.cs.duke.edu/csed/tapestry/}
}

@Book{atallah10:_atchb,
  language =	 {english},
  editor =	 {Atallah, Mikhail J. and
		  Blanton, Marina},
  title =	 {Algorithms and Theory of Computation Handbook:
		  Special Topics and Techniques},
  publisher =	 {Chapman \& Hall/CRC},
  year =	 2010,
  isbn13 =	 {978-1-58488-820-8}
}

@Misc{atkinson03:_numer_analysis,
  language =	 {english},
  author =	 {Atkinson, Kendall E.},
  title =	 {Numerical Analysis},
  year =	 2003,
  howpublished = {\url{http://homepage.divms.uiowa.edu/~atkinson/ftp/ENA_Materials/Misc_Materials/NA_Overview.pdf}},
  note =	 {Division of Mathematical Sciences,
		  University of Iowa}
}

@Article{aumueller15:_optim_partit_dual_pivot_quick,
  language =	 {english},
  author =	 {Aum{\" u}ller, Martin and
		  Dietzfelbinger, Martin},
  title =	 {Optimal Partitioning for Dual-Pivot Quicksort},
  journal =	 {ACM Transactions on Algorithms},
  year =	 2015,
  volume =	 12,
  number =	 2,
  pages =	 {18:1 -- 18:36},
  month =	 nov,
  doi =		 {10.1145/2743020}
}

@Article{aumueller16:_how_good_multi_pivot_quicksort,
  language =	 {english},
  author =	 {Aum{\"u}ller, Martin and
		  Dietzfelbinger, Martin and
		  Klaue, Pascal},
  title =	 {How Good is Multi-Pivot Quicksort?},
  journal =	 {ACM Transactions on Algorithms},
  year =	 2016,
  volume =	 13,
  number =	 1,
  pages =	 {8:1 -- 8:47},
  month =	 dec,
  doi =		 {10.1145/2963102}
}

@Misc{aumueller16:_how_good_multi_pivot_quicksort_arXiv,
  language =	 {english},
  author =	 {Aum{\"u}ller, Martin and
		  Dietzfelbinger, Martin and
		  Klaue, Pascal},
  title =	 {How Good is Multi-Pivot Quicksort?},
  howpublished = {\url{https://arxiv.org/abs/1510.04676}},
  month =	 may,
  year =	 2016
}

@Article{azar00:_balanced_alloc,
  language =	 {english},
  author =	 {Azar, Yossi and
		  Broder, Andrei Z. and
		  Karlin, Anna R. and
		  Upfal, Eli},
  title =	 {Balanced Allocations},
  journal =	 {SIAM Journal on Computing},
  year =	 2000,
  volume =	 29,
  number =	 1,
  pages =	 {180-200},
  month =	 feb,
  doi =		 {10.1137/S0097539795288490},
  where =	 {http://epubs.siam.org/doi/pdf/10.1137/S0097539795288490}
}

@TechReport{babai79:_monte_carlo_algo_graph_isomorph_test,
  language =	 {english},
  author =	 {Babai, L{\'a}zl{\'o}},
  title =	 {Monte-{C}arlo Algorithms in Graph Isomorphism Testing},
  institution =	 {Universit{\'e} de Montreal},
  year =	 1979,
  number =	 {D.M.S. 79-10},
  where =	 {http://people.cs.uchicago.edu/~laci/lasvegas79.pdf}
}

@Article{backus76:_modif_report_Algol60,
  language =	 {english},
  author =	 {Backus, J. W. and
		  Bauer, F. L. and
		  Green, J. and
		  Katz, C. and
		  McCarthy, J. and
		  Naur, P. and
		  Perlis, A. J. and
		  Rutishauser H. and
		  Samuelson, K. and
		  Vauquois, B. and
		  Wegstein, J. H. and
		  Wijngaarden, A. van and
		  Woodger, M. and
		  De Morgan, R. M. and
		  Hill, I. D. and
		  Wichmann, B. A.},
  title =	 {Modified Report on the Algorithmic Language {A}lgol 60},
  journal =	 {Computer Journal},
  year =	 1976,
  volume =	 19,
  number =	 4,
  pages =	 {364-379},
  month =	 nov,
  note =	 {IFIP Working Group 2.1},
  doi =		 {10.1093/comjnl/19.4.364}
}

@Misc{balakrishnan:_discr_maths,
  language =	 {english},
  author =	 {Balakrishnan, R. and
		  Viswanathan Iyer, K.},
  title =	 {Discrete Maths},
  howpublished = {\url{https://www.nitt.edu/home/academics/departments/cse/faculty/kvi/Discrete%20Maths%20-%20Balakrishnan%20and%20Viswanathan.pdf}}
}

@Article{barabucci16:_measur_qualit_diff_algor,
  language =	 {english},
  author =	 {Barabucci, Giole and
		  Ciancarini, Paolo and
		  Ioirio, Angelo Di and
		  Vitali, Fabio},
  title =	 {Measuring the Quality of Diff Algorithms:
		  A Formalization},
  journal =	 {Computer Standards \& Interfaces},
  year =	 2016,
  volume =	 46,
  pages =	 {52-65},
  month =	 may,
  doi =		 {10.1016/j.csi.2015.12.005}
}

@Article{bartlett51:_inverse_matrix_adjustment,
  language =	 {english},
  author =	 {Bartlett, Maurice S.},
  title =	 {An Inverse Matrix Adjustment
		  Arising in Discriminant Analysis},
  journal =	 {Annals of Mathematical Statistics},
  year =	 1951,
  volume =	 22,
  number =	 1,
  pages =	 {107-111},
  month =	 mar,
  doi =		 {10.1214/aoms/1177729698}
}

@Misc{beame10:_dynamic_programming,
  language =	 {english},
  author =	 {Beame, Paul},
  title =	 {{CSE} 521: Design and Analysis of Algorithms {I}:
		  Dynamic Programming},
  howpublished = {\url{https://courses.cs.washington.edu/courses/cse521/10wi/Dynamic.pdf}},
  month =	 {Winter},
  year =	 2010,
  note =	 {Computer Science and Engineering,
		  University of Washington}
}

@Misc{beame10:_multiplicative_weights,
  language =	 {english},
  author =	 {Beame, Paul},
  title =	 {{CSE} 521: Design and Analysis of Algorithms {I}:
		  Multiplicative Weights Update Method},
  howpublished = {\url{https://courses.cs.washington.edu/courses/cse521/10wi/MU.pdf}},
  month =	 {Winter},
  year =	 2010,
  note =	 {Computer Science and Engineering,
		  University of Washington}
}

@Misc{beame10:_stable_matching,
  language =	 {english},
  author =	 {Beame, Paul},
  title =	 {{CSE} 521: Design and Analysis of Algorithms {I}:
		  Stable Matching},
  howpublished = {\url{https://courses.cs.washington.edu/courses/cse521/10wi/StableMatching.pdf}},
  month =	 {Winter},
  year =	 2010,
  note =	 {Computer Science and Engineering,
		  University of Washington}
}

@Misc{bellare10:_decision_search,
  language =	 {english},
  author =	 {Bellare, Mihir},
  title =	 {Decision versus Search},
  howpublished = {\url{https://cseweb.ucsd.edu/~mihir/cse200/decision-search.pdf}},
  month =	 jan,
  year =	 2010
}

@Article{bellare94:_complexity_decision_search,
  language =	 {english},
  author =	 {Bellare, Mihir and
		  Goldwasser, Shafi},
  title =	 {The Complexity of Decision Versus Search},
  journal =	 {SIAM Journal of Computing},
  year =	 1994,
  volume =	 23,
  number =	 1,
  pages =	 {97-119},
  month =	 feb,
  doi =		 {10.1137/S0097539792228289},
  where =	 {https://cseweb.ucsd.edu/~mihir/papers/compip.pdf}
}

@Misc{belleville11:_amortized_analysis,
  language =	 {english},
  author =	 {Belleville, Patrice},
  title =	 {Amortized Analysis: A Summary},
  howpublished = {\url{https://www.ugrad.cs.ubc.ca/~cs320/2010W2/handouts/aa-nutshell.pdf}},
  month =	 feb,
  year =	 2011
}

@InCollection{bentley07:_most_beaut_code_i_never_wrote,
  language =	 {english},
  author =	 {Bentley, Jon},
  title =	 {The Most Beautiful Code {I} Never Wrote},
  booktitle =	 {Beautiful Code:
		  Leading Programmers Explain How They Think},
  pages =	{52-61},
  crossref =	 {oram07:_beautiful_code}
}

@Article{bentley80:_master_theorem,
  language =	 {english},
  author =	 {Bentley, Jon Louis and
		  Haken, Dorothea and
		  Saxe, James B.},
  title =	 {A General Method for Solving Divide-and-Conquer Recurrences},
  journal =	 {ACM SIGACT News},
  year =	 1980,
  volume =	 12,
  number =	 3,
  pages =	 {36-44},
  month =	 {Fall}}

@Book{bentley82:_writing_efficient_programs,
  language =	 {english},
  author =	 {Bentley, Jon Louis},
  title =	 {Writing Efficient Programs},
  publisher =	 {Prentice-Hall},
  year =	 1982,
  series =	 {Software Series},
  isbn10 =	 {0139702512}
}

@Article{bentley84:_algorithm_design_techn,
  language =	 {english},
  author =	 {Bentley, Jon Louis},
  title =	 {Algorithm Design Techniques},
  journal =	 {Communications of the ACM},
  year =	 1984,
  volume =	 27,
  number =	 9,
  pages =	 {865-871},
  month =	 sep,
  where =	 {http://cacm.acm.org/magazines/1984/9/10458-programming-pearls/pdf}
}

@Article{bentley93:_engin_sort_funct,
  language =	 {english},
  author =	 {Bentley, Jon Louis and
		  McIllroy, M. Douglas},
  title =	 {Engineering a Sort Function},
  journal =	 {Software: Practice and Experience},
  year =	 1993,
  volume =	 23,
  number =	 11,
  pages =	 {1249-1265},
  month =	 nov
}

@InProceedings{bentley99:_data_compr_using_long_common_strin,
  language =	 {english},
  author =	 {Bentley, Jon and
		  McIllroy, Douglas},
  title =	 {Data Compression Using Long Common Strings},
  booktitle =	 {Proceedings of the Data Compression Conference},
  pages =	 {287-295},
  year =	 1999,
  address =	 {Snowbird, UT, USA},
  month =	 mar,
  organization = {IEEE},
  doi =		 {10.1109/DCC.1999.755678}
}

@Book{bentley99:_programming_pearls,
  language =	 {english},
  author =	 {Bentley, Jon Louis},
  title =	 {Programming Pearls},
  publisher =	 {Addison-Wesley},
  year =	 1999,
  edition =	 {Second}
}

@InProceedings{berenbrink00:_balanced_allocation,
  language =	 {english},
  author =	 {Berenbrink, Petra and
		  Czumaj, Artur and
		  Steger, Angelika and
		  V{\"o}cking, Berthold},
  title =	 {Balanced Allocations: The Heavily Loaded Case},
  booktitle =	 {STOC '00
		  Proceedings of the thirty-second annual
		  ACM symposium on Theory of computing},
  pages =	 {745-754},
  year =	 2000,
  editor =	 {Yao, Frances and
		  Luks, Eugene},
  address =	 {Portland, OR, USA},
  month =	 may,
  organization = {ACM},
  doi =		 {10.1145/335305.335411}
}

@Misc{berg14:_approximation_algorithms,
  language =	 {english},
  author =	 {Berg, Mark de},
  title =	 {Advanced Algorithms ({2IL45}):
		  Course Notes on Approximation Algorithms},
  howpublished = {\url{http://www.win.tue.nl/~mdberg/Teaching/Adv-Alg/course-notes-AA-approx.pdf}},
  month =	 sep,
  year =	 2014
}

@Misc{berg16:_advanced_algorithms,
  language =	 {english},
  author =	 {Berg, Mark de},
  title =	 {Course Notes for Advanced Algorithms ({2IMA10})},
  howpublished = {\url{http://www.win.tue.nl/~mdberg/Teaching/2IMA10-Material/course-notes-AA.pdf}},
  year =	 2016
}

@InProceedings{bergroth00:_survey_longes_common_subseq_algor,
  language =	 {english},
  author =	 {Bergroth, L. and
		  Hakonen, H. and
		  Raita, T.},
  title =	 {A Survey of Longest Common Subsequence Algorithms},
  booktitle =	 {Proceedings Seventh International Symposium
		  on String Processing and Information Retrieval},
  pages =	 {39-48},
  year =	 2000,
  doi =		 {10.1109/SPIRE.2000.878178}
}

@Article{berrut04:_bary_lagrange_interp,
  language =	 {english},
  author =	 {Berrut, Jean-Paul and
		  Trefethen, Lloyd N.},
  title =	 {Barycentric {L}agrange Interpolation},
  journal =	 {SIAM Review},
  year =	 2004,
  volume =	 46,
  number =	 3,
  pages =	 {501-517},
  doi =		 {10.1137/S0036144502417715},
  where =	 {https://people.maths.ox.ac.uk/trefethen/barycentric.pdf}
}

@Article{bland77:_new_finite_pivot_rules_simplex_method,
  language =	 {english},
  author =	 {Bland, Robert G.},
  title =	 {New Finite Pivoting Rules for the Simplex Method},
  journal =	 {Mathematics of Operations Research},
  year =	 1977,
  volume =	 2,
  number =	 2,
  pages =	 {103-107},
  month =	 may,
  doi =		 {10.1287/moor.2.2.103}
}

@Article{blankinship63:_new_version_euclid_algor,
  language =	 {english},
  author =	 {Blankinship, W. A.},
  title =	 {A New Version of the {E}uclidean Algorithm},
  journal =	 {The American Mathematical Monthly},
  year =	 1963,
  volume =	 70,
  number =	 7,
  pages =	 {742-745},
  month =	 sep
}

@InBook{blelloch10:_paralell_algo,
  language =	 {english},
  author =	 {Blelloch, Guy E. and
		  Maggs, Bruce M.},
  title =	 {Paralell Algorithms},
  chapter =	 25,
  crossref =	 {atallah10:_atchb},
  where =	 {https://dl.acm.org/doi/pdf/10.5555/1882723.1882748}
}

@Misc{blelloch13:_intro_data_compr,
  language =	 {english},
  author =	 {Blelloch, Guy E.},
  title =	 {Introduction to Data Compression},
  howpublished = {\url{http://www.cs.cmu.edu/afs/cs/project/pscico-guyb/realworld/www/compression.pdf}},
  month =	 jan,
  year =	 2013,
  note =	 {Department of Computer Science,
		  Carnegie Mellon University}
}

@Article{bloom70:_space_time_trade_hash_codin_allow_error,
  language =	 {english},
  author =	 {Bloom, Burton H.},
  title =	 {Space/Time Trade-offs in Hash Coding with Allowable Errors},
  journal =	 {Communications of the ACM},
  year =	 1970,
  volume =	 13,
  number =	 7,
  pages =	 {422-426},
  month =	 jul,
  doi =		 {10.1145/362686.362692}
}

@Book{bogart10:_discr_math_comp_sci,
  language =	 {english},
  author =	 {Bogart, Kenneth P. and
		  Stein, Clifford and
		  Drysdale, Robert L.},
  title =	 {Discrete Mathematics for Computer Science},
  publisher =	 {Addison-Wesley},
  year =	 2010,
  isbn10 =	 0132122715,
  isbn13 =	 {978-0132122719},
  where =	 {https://www.kth.se/social/files/557ec6b0f27654784e263d66/fullbook.pdf}
}

@InProceedings{boldo15:_formal_verif_progr_comput_float_point_averag,
  language =	 {english},
  author =	 {Boldo, Sylvie},
  title =	 {Formal Verification of Programs Computing
		  the Floating-Point Average},
  booktitle =	 {17th International Conference
		  on Formal Engineering Methods},
  pages =	 {17-32},
  year =	 2015,
  address =	 {Paris, France},
  month =	 nov,
  note =	 {HAL Id hal-01174892},
  where =	 {https://hal.inria.fr/hal-01174892}
}

@Book{borgwardt87:_simplex_method,
  language =	 {english},
  author =	 {Borgwardt, Karl-Heinz},
  title =	 {The {S}implex Method: A Probabilistic Analysis},
  publisher =	 {Springer},
  year =	 1987,
  volume =	 1,
  series =	 {Algorithms and Combinatorics},
  doi =		 {10.1007/978-3-642-61578-8},
  isbn13 =	 {978-3-540-17096-9}
}

@Misc{bornat07:_quicksort,
  language =	 {english},
  author =	 {Bornat, Richard},
  title =	 {Quicksort: The Best of Sorts?},
  howpublished = {\url{http://www.eis.mdx.ac.uk/staffpages/r_bornat/oldteaching/I2A/slides%206%20quicksort.pdf}},
  month =	 sep,
  year =	 2007,
  note =	 {School of Science and Technology,
		  Middlesex University London}
}

@Article{boruvka26:_problemu_minimalnim,
  language =	 {czech},
  author =	 {Bor{\r u}vka, Otakar},
  title =	 {O jist{\'e}m probl{\'e}mu minim{\'a}ln{\'\i}m},
  journal =	 {Pr{\'a}ce Moravcsk{\'e} p{\v r}{\'\i}rodov{\v e}deck{\'e}
		  spole{\v c}nosti},
  year =	 1926,
  volume =	 3,
  number =	 3,
  pages =	 {37-58},
  where =	 {https://dml.cz/bitstream/handle/10338.dmlcz/500114/Boruvka_01-0000-6_1.pdf}
}

@Book{boudec15:_intro_information,
  language =	 {french},
  author =	 {Boudec, Jean-Yves le and
		  Thiran, Patrick and
		  Urbanke, R{\"u}diger},
  title =	 {Introduction aux Sciences de l'Information:
		  Entropie, Compression, Chiffrement et Correction d'Erreurs},
  publisher =	 {PPUR Presses Polytechniques},
  year =	 2015
}

@Article{boyer77:_fast_string_search_algor,
  language =	 {english},
  author =	 {Boyer, R. S. and
		  Moore, J. Strother},
  title =	 {A Fast String Searching Algorithm},
  journal =	 {Communications of the ACM},
  year =	 1977,
  volume =	 20,
  number =	 10,
  pages =	 {762-772},
  month =	 oct,
  doi =		 {10.1145/359842.359859},
  where =	 {http://www.cs.utexas.edu/~moore/publications/fstrpos.pdf}
}

@InCollection{boyer91:_mjrty_fast_majority_vote_algor,
  language =	 {english},
  author =	 {Boyer, Robert S. and
		  Moore, J. Strother},
  title =	 {{MJRTY} -- A Fast Majority Vote ALgorithm},
  booktitle =	 {Automated Reasoning: Essays in Honor of {W}oody {B}ledsoe},
  pages =	 {105-117},
  publisher =	 {Kluver Academic Publishers},
  year =	 1991,
  editor =	 {Boyer, Robert S.},
  volume =	 1,
  series =	 {Automated Reasoning},
  chapter =	 5,
  note =	 {Originally published as a technical report in 1981},
  doi =		 {10.1007/978-94-011-3488-0_5},
  where =	 {http://www.dtic.mil/cgi-bin/GetTRDoc?AD=ADA131702}
}

@Misc{brand16:_fundamentos_informatica,
  language =	 {spanish},
  author =	 {Brand, Horst H. von},
  title =	 {Fundamentos de Inform{\'a}tica},
  howpublished = {\url{git://csrg.inf.utfsm.cl/vonbrand/Ramos/trainwreck}},
  month =	 aug,
  year =	 2016,
  note =	 {Versi{\'o}n 0.83}
}

@Misc{brand17:_fundamentos_informatica,
  language =	 {spanish},
  author =	 {Brand, Horst H. von},
  title =	 {Fundamentos de Inform{\'a}tica},
  howpublished = {\url{git://csrg.inf.utfsm.cl/vonbrand/Ramos/trainwreck}},
  month =	 sep,
  year =	 2017,
  note =	 {Versi{\'o}n 0.84}
}

@Article{brand55:_seq_def_difference_eq,
  language =	 {english},
  author =	 {Brand, Louis},
  title =	 {A Sequence Defined by a Difference Equation},
  journal =	 {The American Mathematical Monthly},
  year =	 1955,
  volume =	 62,
  number =	 7,
  pages =	 {489-492},
  month =	 sep,
  where =	 {http://www.jstor.org/stable/i314858}
}

@Article{brent71:_algor_guaran_conver_findin_zero_funct,
  language =	 {english},
  author =	 {Brent, Richard P.},
  title =	 {An Algorithm with Guaranteed Convergence
		  for Finding a Zero of a Function},
  journal =	 {Computer Journal},
  year =	 1971,
  volume =	 14,
  number =	 4,
  pages =	 {422-425},
  month =	 jan,
  doi =		 {10.1093/comjnl/14.4.422},
  where =	 {http://maths-people.anu.edu.au/~brent/pd/rpb005.pdf}
}

@Book{brent73:_algo_min_no_derivatives,
  language =	 {english},
  author =	 {Brent, Richard P.},
  title =	 {Algorithms for Minimization without Derivatives},
  publisher =	 {Prentice Hall, Inc.},
  year =	 1973
}

@Article{brent73:_reducing_retrieval_time_scatter,
  language =	 {english},
  author =	 {Brent, Richard P.},
  title =	 {Reducing the Retrieval Time of Scatter Storage Techniques},
  journal =	 {Communications of the ACM},
  year =	 1973,
  volume =	 16,
  number =	 2,
  pages =	 {105-109},
  month =	 feb,
  doi =		 {10.1145/361952.361964},
  where =	 {https://maths-people.anu.edu.au/~brent/pd/rpb013.pdf}
}

@Article{broder04:_network_appl_bloom_filters,
  language =	 {english},
  author =	 {Broder, Andrei and
		  Mitzenmacher, Michael},
  title =	 {Network Applications of {B}loom Filters: A Survey},
  journal =	 {Internet Mathematics},
  year =	 2004,
  volume =	 1,
  number =	 4,
  pages =	 {485-509},
  where =	 {http://www.eecs.harvard.edu/~michaelm/postscripts/im2005b.pdf}
}

@Article{brown99:_square_roots,
  language =	 {english},
  author =	 {Brown, Ezra},
  title =	 {Square Roots from 1; 24, 51, 10 to {D}an {S}hanks},
  journal =	 {The College Mathematics Journal},
  year =	 1999,
  volume =	 30,
  number =	 2,
  pages =	 {82-95},
  month =	 mar,
  where =	 {https://www.maa.org/sites/default/files/pdf/upload_library/22/Polya/07468342.di020786.02p0470a.pdf}
}

@Article{broyden65:_solving_nonlin_simul_equat,
  language =	 {english},
  author =	 {Broyden, Charles G.},
  title =	 {A Class of Methods for Solving
		  Nonlinear Simultaneous Equations},
  journal =	 {Mathematics of Computation},
  year =	 1965,
  volume =	 19,
  number =	 92,
  pages =	 {577-593},
  month =	 oct,
  doi =		 {10.2307/2003941}
}

@Book{bruijn61:_asymptotic_methods_analysis,
  language =	 {english},
  author =	 {Bruijn, N. G. de},
  title =	 {Asymptotic Methods in Analysis},
  publisher =	 {North Holland},
  year =	 1961,
  edition =	 {Second}
}

@Misc{buhler16:_cse541T,
  language =	 {english},
  author =	 {Buhler, Jeffrey},
  title =	 {{CSE} {541T} -- Advanced Algorithms},
  howpublished = {\url{http://classes.engineering.wustl.edu/cse541}},
  month =	 aug,
  year =	 2016,
  note =	 {School of Engineering and Applied Science,
		  Washington University in St. Louis}
}

@Misc{canny01:_combin_discr_probab,
  language =	 {english},
  author =	 {Canny, John},
  title =	 {Combinatorics and Discrete Probability:
		  {CS} 174 notes},
  howpublished = {\url{https://people.eecs.berkeley.edu/~jfc/cs174}},
  year =	 2001,
  note =	 {Electrical Engineering and Computer Science,
		  University of California at Berkeley}
}

@Book{casanova08:_paralell_algo,
  language =	 {english},
  author =	 {Casanova, Henri and
		  Legrand, Arnaud and
		  Robert, Yves},
  title =	 {Paralell Algorithms},
  publisher =	 {CRC Press},
  year =	 2008,
  isbn13 =	 {978-1584889458},
  doi =		 {10.1.1.466.8142}
}

@InProceedings{chan20:_change_making_problem,
  language =	 {english},
  author =	 {Chan, Timothy M. and
		  He, Qizeng},
  title =	 {On the Change-Making Problem},
  booktitle = {Proceedings of the 4th ACM-SIAM Symposium
		  on Simplicity in Algorithms (SOSA)},
  year =	 2020,
  pages =	 {38-42},
  month =	 jan,
  where =	 {http://tmc.web.engr.illinois.edu/coin_sosa.pdf}
}

@Misc{chapman03:_square_roots_modulo_prime,
  language =	 {english},
  author =	 {Chapman, Robin},
  title =	 {Square Roots Modulo a Prime},
  howpublished = {\url{https://empslocal.ex.ac.uk/people/staff/rjchapma/courses/nt13/sqrt.pdf}},
  month =	 dec,
  year =	 2003}

@Article{chazelle00:_minimal_spanning_tree,
  language =	 {english},
  author =	 {Chazelle, Bernard},
  title =	 {A Minimum Spanning Tree Algorithm
		  with Inverse {A}ckerman Type Complexity},
  journal =	 {Journal of the ACM},
  year =	 2000,
  volume =	 47,
  number =	 6,
  pages =	 {1028-1047},
  month =	 nov,
  doi =		 {10.1145/355541.355562}
}

@Article{chazelle00:_soft_heap,
  language =	 {english},
  author =	 {Chazelle, Bernard},
  title =	 {The Soft Heap:
		  An Approximate Priority Queue with Optimal Error Rate},
  journal =	 {Journal of the ACM},
  year =	 2000,
  volume =	 47,
  number =	 6,
  pages =	 {1012-1027},
  month =	 nov,
  doi =		 {10.1145/355541.355554}
}

@Misc{chen00:_elemen_mathem,
  language =	 {english},
  author =	 {Chen, William W. L. and
		  Duong, X. T.},
  title =	 {Elementary Mathematics},
  howpublished = {\\ \url{http://rutherglen.science.mq.edu.au/~maths/notes/wchen/lnemfolder/lnem.html}},
  year =	 2000,
  note =	 {Department of Mathematics,
		  Macquarie University}
}

@Misc{chen03:_distr_prime_number,
  language =	 {english},
  author =	 {Chen, William W. L.},
  title =	 {Distribution of Prime Numbers},
  howpublished = {\\ \url{http://rutherglen.science.mq.edu.au/wchen/lndpnfolder/lndpn.html}},
  year =	 2003,
  note =	 {Department of Mathematics,
		  Macquarie University}
}

@Misc{chen03:_elemen_number_theor,
  language =	 {english},
  author =	 {Chen, William W. L.},
  title =	 {Elementary Number Theory},
  howpublished = {\\ \url{http://rutherglen.science.mq.edu.au/wchen/lnentfolder/lnent.html}},
  year =	 2003,
  note =	 {Department of Mathematics,
		  Macquarie University}
}

@Misc{chen08:_discrete_mathematics,
  language =	 {english},
  author =	 {Chen, William W. L.},
  title =	 {Discrete Mathematics},
  howpublished = {\\ \url{http://www.williamchen-mathematics.info/lndmfolder/lndm.html}},
  year =	 2008,
  note =	 {Department of Mathematics,
		  Macquarie University}
}

@Misc{chen08:_first_year_calculus,
  language =	 {english},
  author =	 {Chen, William W. L.},
  title =	 {First Year Calculus},
  howpublished = {\\ \url{http://www.williamchen-mathematics.info/lnfycfolder/lnfyc.html}},
  year =	 2008,
  note =	 {Department of Mathematics,
		  Macquarie University}
}

@Misc{chen08:_fundam_analy,
  language =	 {english},
  author =	 {Chen, William W. L.},
  title =	 {Fundamentals of Analysis},
  howpublished = {\\ \url{http://www.williamchen-mathematics.info/lnfafolder/lnfa.html}},
  year =	 2008,
  note =	 {Department of Mathematics,
		  Macquarie University}
}

@Misc{chen08:_intro_complex_anal,
  language =	 {english},
  author =	 {Chen, William W. L.},
  title =	 {Introduction to Complex Analysis},
  howpublished = {\\ \url{http://www.williamchen-mathematics.info/lnicafolder/lnica.html}},
  year =	 2008,
  note =	 {Department of Mathematics,
		  Macquarie University}
}

@Misc{chen08:_intro_lebesgue_int,
  language =	 {english},
  author =	 {Chen, William W. L.},
  title =	 {Introduction to {L}ebesgue Integration},
  howpublished = {\\ \url{http://www.williamchen-mathematics.info/lnilifolder/lnili.html}},
  year =	 2008,
  note =	 {Department of Mathematics,
		  Macquarie University}
}

@Misc{chen08:_linear_algeb,
  language =	 {english},
  author =	 {Chen, William W. L.},
  title =	 {Linear Algebra},
  howpublished = {\\ \url{http://www.williamchen-mathematics.info/lnlafolder/lnla.html}},
  year =	 2008,
  note =	 {Department of Mathematics,
		  Macquarie University}
}

@Misc{chen08:_linear_funct_analy,
  language =	 {english},
  author =	 {Chen, William W. L.},
  title =	 {Linear Functional Analysis},
  howpublished = {\\ \url{http://www.williamchen-mathematics.info/lnlfafolder/lnlfa.html}},
  year =	 2008,
  note =	 {Department of Mathematics,
		  Macquarie University}
}

@Misc{chen08:_misc_topics_first_year_math,
  language =	 {english},
  author =	 {Chen, William W. L.},
  title =	 {Miscelaneous Topics in First Year Mathematics},
  howpublished = {\\ \href{http://www.williamchen-mathematics.info/lnmtfymfolder/lnmtfym.html}{\nolinkurl{http://www.williamchen-mathematics.info//}}\\
-\href{http://www.williamchen-mathematics.info/lnmtfymfolder/lnmtfym.html}{\nolinkurl{lnmtfymfolder/lnmtfym.html}}},
  year =	 2008,
  note =	 {Department of Mathematics,
		  Macquarie University}
}

@Misc{chen08:_multiv_vector_analy,
  language =	 {english},
  author =	 {Chen, William W. L.},
  title =	 {Multivariable and Vector Analysis},
  howpublished = {\\ \url{http://www.williamchen-mathematics.info/lnmvafolder/lnmva.html}},
  year =	 2008,
  note =	 {Department of Mathematics,
		  Macquarie University}
}

@Misc{chen13:_elementary_number_theory,
  language =	 {english},
  author =	 {Chen, William W. L.},
  title =	 {Elementary Number Theory},
  howpublished = {\\ \href{http://www.williamchen-mathematics.info/lnentfolder/lnent.html}{\nolinkurl{http://www.williamchen-mathematics.info//}}\\
-\href{http://www.williamchen-mathematics.info/lnentfolder/lnent.html}{\nolinkurl{lnentfolder/lnent.html}}},
  year =	 2013,
  note =	 {Department of Mathematics,
		  Macquarie University}
}

@Misc{chen13:_introd_abstr_algeb_struc,
  language =	 {english},
  author =	 {Chen, William W. L.},
  title =	 {Introduction to Abstract Algebraic Structures},
  howpublished = {\\ \href{http://www.williamchen-mathematics.info/lniaasfolder/lniaas.html}{\nolinkurl{http://www.williamchen-mathematics.info//}}\\
-\href{http://www.williamchen-mathematics.info/lniaasfolder/lniaas.html}{\nolinkurl{lniaasfolder/lniaas.html}}},
  year =	 2013,
  note =	 {Department of Mathematics,
		  Macquarie University}
}

@Article{chernoff52:_bound,
  language =	 {english},
  author =	 {Chernoff, Herman},
  title =	 {A Measure of Asymptotic Efficiency
		  for Tests of a Hypothesis Based on the Sum of Observations},
  journal =	 {Annals of Mathematical Statistics},
  year =	 1952,
  volume =	 23,
  number =	 4,
  pages =	 {493-507},
  month =	 dec,
  doi =		 {10.1214/aoms/1177729330},
  where =	 {http://projecteuclid.org/euclid.aoms/1177729330}
}

@Misc{chvatal:_taking_square_roots_modulo_prime,
  language =	 {english},
  author =	 {Chv{\'a}tal, Vas{\v s}ek},
  title =	 {Taking Square Roots Modulo a Prime},
  howpublished = {\url{https://users.encs.concordia.ca/~chvatal/notes/sqrt.html}}}

@Misc{clausen99:_branch_bound_algorithms,
  language =	 {english},
  author =	 {Clausen, Jens},
  title =	 {Branch and Bound Algorithms -- Principles and Examples},
  howpublished = {\url{https://imada.sdu.dk/~jbj/heuristikker/TSPtext.pdf}},
  month =	 mar,
  year =	 1999
}

@TechReport{cocke70:_prog_lang_compilers,
  language =	 {english},
  author =	 {Cocke, John and
		  Schwartz, Jacob T.},
  title =	 {Programming Languages and their Compilers:
		  Preliminary Notes},
  institution =	 {Courant Institute of Mathematical Sciences,
		  New York University},
  year =	 1970,
  note =	 {(Second revised version)},
  where =	 {http://www.softwarepreservation.org/projects/FORTRAN/CockeSchwartz_ProgLangCompilers.pdf}
}

@Article{cooley65:_FFT,
  language =	 {english},
  author =	 {Cooley, James W. and
		  Tukey, John W.},
  title =	 {An Algorithm for the Machine Calculation
		  of Complex {F}ourier Series},
  journal =	 {Mathematics of Computation},
  year =	 1965,
  volume =	 19,
  number =	 90,
  pages =	 {297-301},
  doi =		 {10.1090/S0025-5718-1965-0178586-1},
  where =	 {https://www.ams.org/journals/mcom/1965-19-090/S0025-5718-1965-0178586-1/S0025-5718-1965-0178586-1.pdf}
}

@TechReport{corless93:_Lambert_W_function,
  language =	 {english},
  author =	 {Corless, R. M. and
		  Gonnet, G. H. and
		  Hare, D. E. G. and
		  Jeffrey, D. J. and
		  Knuth, D. E.},
  title =	 {On the {L}ambert \({W}\) Function},
  institution =	 {Cheriton School of Computer Science,
		  University of Waterloo},
  year =	 1993,
  number =	 {CS-93-03},
  month =	 jan,
  where =	 {https://cs.uwaterloo.ca/research/tr/1993/03/W.pdf}
}

@Article{corless96:_Lambert_W_function,
  language =	 {english},
  author =	 {Corless, R. M. and
		  Gonnet, G. H. and
		  Hare, D. E. G. and
		  Jeffrey, D. J. and
		  Knuth, D. E.},
  title =	 {On the {L}ambert \({W}\)x Function},
  journal =	 {Advances in Computational Mathematics},
  year =	 1996,
  volume =	 5,
  number =	 1,
  pages =	 {329-359},
  month =	 dec,
  doi =		 {10.1007/BF02124750}
}

@Book{cormen09:_CLRS,
  language =	 {english},
  author =	 {Cormen, Thomas H. and
		  Leiserson, Charles E. and
		  Rivest, Ronald R. and
		  Stein, Clifford},
  title =	 {Introduction to Algorithms},
  publisher =	 {MIT Press},
  year =	 2009,
  edition =	 {Third}
}

@Misc{cornuejols98:_quant_method_manag_scien_course_notes,
  language =	 {english},
  author =	 {Cornuejols, Gerard and
		  Trick, Michael},
  title =	 {Quantitative Methods for the Management Sciences
		  45-760 Course Notes},
  howpublished = {\url{http://mat.gsia.cmu.edu/classes/QUANT/NOTES}},
  month =	 {Fall},
  year =	 1998,
  note =	 {Graduate School of Industrial Administration,
		  Carnegie Mellon University}
}

@Misc{cowley14:_numerical_analysis,
  language =	 {english},
  author =	 {Cowley, Stephen J.},
  title =	 {{M}athematical {T}ripos: {IB} {N}umerical {A}nalysis},
  howpublished = {\url{http://www.damtp.cam.ac.uk/user/sjc1/teaching/NAIB/notes.pdf}},
  month =	 {Lent},
  year =	 2014,
  note =	 {Department of Applied Mathematics and Theoretical Physics,
		  University of Cambridge}
}

@Proceedings{cpm95,
  language =	 {english},
  title =	 {Combinatorial Pattern Matching,
		  \(6^{\mathrm{th}}\) Annual Symposium},
  year =	 1995,
  editor =	 {Galil, Zvi and
		  Ukkonen, Esko},
  volume =	 937,
  series =	 {Lecture Notes in Computer Science},
  month =	 jul,
  publisher =	 {Springer}
}

@InProceedings{crosby03:_DoS_algo_compl_attack,
  language =	 {english},
  author =	 {Crosby, Scott A. and
		  Wallach, Dan S.},
  title =	 {Denial of Service via Algorithmic Complexity Attacks},
  booktitle =	 {Proceedings of the 12th USENIX Security Symposium},
  pages =	 {29-44},
  year =	 2003,
  where =	 {https://www.usenix.org/legacy/event/sec03/tech/full_papers/crosby/crosby.pdf}
}

@Article{cruz-uribe03:_elemen_proof_error_estim_trapez_rule,
  language =	 {english},
  author =	 {Cruz-Uribe, David and
		  Neugebauer, C. J.},
  title =	 {An Elementary Proof of Error Estimates
		  for the Trapezoidal Rule},
  journal =	 {Mathematics Magazine},
  year =	 2003,
  volume =	 76,
  number =	 4,
  pages =	 {303-306},
  month =	 oct,
  doi =		 {10.2307/3219088},
  stableURL =	 {http://www.jstor.org/stable/3219088}
}

@Article{cunningham12:_coming_matroids,
  language =	 {english},
  author =	 {Cunningham, William H.},
  title =	 {The Coming of the Matroids},
  journal =	 {Documenta Mathematica},
  year =	 2012,
  volume =	 {Extra Volume: Optimization Stories},
  pages =	 {143-153},
  where =	 {https://www.math.uni-bielefeld.de/documenta/vol-ismp/31_cunningham-william.pdf}
}

@Article{curtis04:_darts_hoopla_board_design,
  language =	 {english},
  author =	 {Curtis, S. A.},
  title =	 {Darts and Hoopla Board Design},
  journal =	 {Information Processing Letters},
  year =	 2004,
  volume =	 92,
  number =	 1,
  pages =	 {53-56},
  month =	 oct,
  doi =		 {10.1016/j.ipl.2004.06.005}
}

@Book{dahlquist08:_numer_method_scien_comput_1,
  language =	 {english},
  author =	 {Dahlquist, Germund and
		  Bj{\" o}rk, {{\AA}}ke},
  title =	 {Numerical Methods in Scientific Computing},
  publisher =	 {SIAM},
  year =	 2008,
  volume =	 {I},
  isbn13 =	 {978-0-89871-644-3},
  doi =		 {10.1137/1.9780898717785}
}

@InCollection{dantzig47:_Simplex,
  language =	 {english},
  author =	 {Dantzig, George B.},
  title =	 {Maximization of a Linear Function of Variables
		  Subject to Linear Inequalities},
  booktitle =	 {Activity Analysis of Production and Allocation},
  pages =	 {339-347},
  publisher =	 {Wiley and Chapman-Hall},
  year =	 1947,
  editor =	 {Koopmans, Tjalling C.}
}

@article{darboux69:_sur_newton,
     language =	 {french},
     author =	 {Darboux, Jean-Gaston},
     title =	 {Sur la m{\'e}thode d'approximation de {N}ewton},
     journal =	 {Nouvelles annales de math{\'e}matiques:
		  Journal des candidats
		  aux {\'e}coles polytechnique et normale},
     publisher = {Carilian-Goeury et Vor Dalmont},
     volume =	 {2e s{\'e}rie, 8},
     year =	 1869,
     pages =	 {17-27},
     where =	 {http://www.numdam.org/item/NAM_1869_2_8__17_0}
}

@Book{dasgupta06:_algorithms,
  language =	 {english},
  author =	 {Dasgupta, Sanjoy and
		  Papadimitrou, Christos H. and
		  Vazirani, Umesh V.},
  title =	 {Algorithms},
  publisher =	 {McGraw Hill Higher Education},
  year =	 2006,
  where =	 {http://algorithmics.lsi.upc.edu/docs/Dasgupta-Papadimitriou-Vazirani.pdf}
}

@Article{dechter85:_gen_best_first_search,
  language =	 {english},
  author =	 {Dechter, Rina and
		  Pearl, Judea},
  title =	 {Generalized Best-First Search Strategies
		  and the Optimality of \({A}^*\)},
  journal =	 {Journal of the ACM},
  year =	 1985,
  volume =	 32,
  number =	 3,
  pages =	 {505-536},
  month =	 jul,
  doi =		 {10.1145/3828.3830}
}

@Article{dennis77:_quasi_newton_methods,
  language =	 {english},
  author =	 {Dennis, J. E. and
		  Mor{\'e}, Jorge J.},
  title =	 {Quasi-{N}ewton Methods, Motivation and Theory},
  journal =	 {SIAM Review},
  year =	 1977,
  volume =	 19,
  number =	 1,
  pages =	 {46-89},
  month =	 jan,
  where =	 {http://people.cs.vt.edu/~asandu/Public/Qual2005/Q2005_quasiNewton.pdf}
}

@Article{diffie76:_new_directions_cryptography,
  language =	 {english},
  author =	 {Diffie, Whitfield and
		  Hellman, Martin E.},
  title =	 {New Directions in Cryptography},
  journal =	 {IEEE Transactions of Information Theory},
  year =	 1976,
  volume =	 22,
  number =	 6,
  pages =	 {644-654},
  month =	 nov,
  doi =		 {10.1109/FTIT.1976.1055638},
  where =	 {https://ee.stanford.edu/~hellman/publications/24.pdf}
}

@Article{dijkstra59:_MST,
  language =	 {english},
  author =	 {Dijkstra, Edsger W.},
  title =	 {A Note on Two Problems in Connexion with Graphs},
  journal =	 {Numerische Mathematik},
  year =	 1959,
  volume =	 1,
  number =	 1,
  pages =	 {269-271},
  month =	 dec,
  doi =		 {10.1007/BF01386390}
}

@Book{dijkstra72:_structured_programming,
  language =	 {english},
  author =	 {Dijkstra, Edsger Wybe and
		  Hoare, C. A. R. and
		  Dahl, Ole-Johan},
  title =	 {Structured Programming},
  publisher =	 {Academic Press},
  year =	 1972,
  volume =	 8,
  series =	 {A.P.I.C. studies in data processing},
  isbn10 =	 0122005503,
  isbn13 =	 {978-0122005503}
}

@Book{dijkstra76:_discipline_programming,
  language =	 {english},
  author =	 {Dijkstra, Edsger W.},
  title =	 {A Discipline of Programming},
  publisher =	 {Prentice Hall},
  year =	 1976
}

@Book{dobrushkin10:_method_algor_analysis,
  language =	 {english},
  author =	 {Dobrushkin, Vladimir A.},
  title =	 {Methods in Algorithmic Analysis},
  publisher =	 {Chapman \& Hall/CRC},
  year =	 2010,
  series =	 {Computer and Information Science Series},
  isbn13 =	 {978-1-4200-6829-0}
}

@InProceedings{drmota11:_master_theorem_discrete,
  language =	 {english},
  author =	 {Drmota, Michael and
		  Szpankowski, Wojciech},
  title =	 {A Master Theorem
		  for Discrete Divide and Conquer Recurrences},
  booktitle =	 {Proceedings of the
		  Second ACM -- SIAM Symposium on Discrete Algorithms},
  pages =	 {342-361},
  year =	 2011,
  editor =	 {Randall, Dana},
  doi =		 {10.1137/1.9781611973082.28},
  where =	 {https://www.dmg.tuwien.ac.at/drmota/soda11.pdf}
}

@Article{drmota13:_master_theorem_discrete,
  language =	 {english},
  author =	 {Drmota, Michael and
		  Szpankowski, Wojciech},
  title =	 {A Master Theorem
		  for Discrete Divide and Conquer Recurrences},
  journal =	 {Journal of the ACM},
  year =	 2013,
  volume =	 60,
  number =	 3,
  pages =	 16,
  doi =		 {10.1145/2487241.2487242},
  where =	 {https://www.dmg.tuwien.ac.at/drmota/jacm-final.pdf}
}

@Article{dumey56:_indexing_rapid_random_access_memory_systems,
  language =	 {english},
  author =	 {Dumey, Arnold I.},
  title =	 {Indexing for Rapid Random Access Memory Systems},
  journal =	 {Computers and Automation},
  year =	 1956,
  volume =	 5,
  number =	 12,
  pages =	 {7-9},
  month =	 dec,
  where =	 {http://www.bitsavers.org/pdf/computersAndAutomation/195612.pdf}
}

@Misc{ebert19:_analysis_algorithms,
  language =	 {english},
  author =	 {Ebert, Todd},
  title =	 {{CECS} 528: Analysis of Algorithms},
  howpublished = {\url{http://web.csulb.edu/~tebert/teaching/spring19/528/intro.html}},
  month =	 {Spring},
  year =	 2019
}

@Article{edmonds71:_matroid_greed_algor,
  language =	 {english},
  author =	 {Edmonds, Jack},
  title =	 {Matroids and the Greedy Algorithm},
  journal =	 {Mathematical Programming},
  year =	 1971,
  volume =	 1,
  number =	 1,
  pages =	 {127-136},
  month =	 dec
}

@Misc{eigen11:_pivot_rules_simplex_method,
  language =	 {english},
  author =	 {Eigen, David},
  title =	 {Pivot Rules for the Simplex Method},
  howpublished = {\url{https://cs.nyu.edu/courses/fall12/CSCI-GA.2945-002/pastproject2.pdf}},
  month =	 may,
  year =	 2011,
  note =	 {Computer Science,
		  Courant Institute of Mathematical Sciences,
		  New York University}
}

@Misc{eisner97:_state_art_algor_minim_spann_trees,
  language =	 {english},
  author =	 {Eisner, Jason},
  title =	 {State-of-the-Art Algorithms for Minimal Spanning Trees},
  howpublished = {\url{https://www.cs.jhu.edu/~jason/papers/eisner.mst-tutorial.pdf}},
  month =	 apr,
  year =	 1997,
  note =	 {Report for Written Preliminary Exam II,
		  Department of Computer and Information Science,
		  University of Pennsylvania}
}

@Article{emden70:_increase_efficiency_quicksort,
  language =	 {english},
  author =	 {Emden, M. H. van},
  title =	 {Increasing the Efficiency of Quicksort},
  journal =	 {Communications of the ACM},
  year =	 1970,
  volume =	 13,
  number =	 9,
  pages =	 {563-567},
  month =	 sep
}

@Book{engeln-muelges96:_numer_algor_c,
  language =	 {english},
  author =	 {Engeln-M{\"u}lges, Gisela and
		  Uhlig, Frank},
  title =	 {Numerical Algorithms with {C}},
  publisher =	 {Springer},
  year =	 1996,
  doi =		 {10.1007/978-3-642-61074-5}
}

@Article{epperson87:_runge_example,
  language =	 {english},
  author =	 {Epperson, James F.},
  title =	 {On the {R}unge Example},
  journal =	 {The American Mathematical Monthly},
  year =	 1987,
  volume =	 94,
  number =	 4,
  pages =	 {329-341},
  month =	 apr,
  doi =		 {10.2307/2323093},
  where =	 {http://www.maa.org/sites/default/files/pdf/upload_library/22/Ford/Epperson329-341.pdf}
}

@Article{erdos30:_beweis_satz_tschebyschef,
  language =	 {german},
  author =	 {Erd{\H o}s, Paul},
  title =	 {Beweis eines Satzes von Tschebyschef},
  journal =	 {Acta Scientiarum Mathematicarum Szegedensis},
  year =	 {1930-1932},
  volume =	 5,
  number =	 {3-4},
  pages =	 {194-198},
  where =	 {http://acta.fyx.hu/acta/showCustomerArticle.action?id=5326&dataObjectType=article&returnAction=showCustomerVolume&sessionDataSetId=152bf50972d624f2&style=}
}

@Article{erdos47:_some_remarks_theo_graphs,
  language =	 {english},
  author =	 {Erd{\H o}s, Paul},
  title =	 {Some Remarks on the Theory of Graphs},
  journal =	 {Bulletin of the American Mathematical Society},
  year =	 1947,
  volume =	 53,
  number =	 4,
  pages =	 {292-294},
  month =	 apr,
  doi =		 {10.1090/S0002-9904-1947-08785-1},
  where =	 {http://www.ams.org/journals/bull/1947-53-04/S0002-9904-1947-08785-1/S0002-9904-1947-08785-1.pdf}
}

@Article{erdos87:_asymptotic_behavior_family_sequences,
  language =	 {english},
  author =	 {Erd{\H o}s, P. and
		  Hildebrand, A. and
		  Odlyzko, A. and
		  Pudaite, P. and
		  Reznick, B.},
  title =	 {The Asymptotic Behavior of a Family of Sequences},
  journal =	 {Pacific Journal of Mathematics},
  year =	 1987,
  volume =	 126,
  number =	 2,
  pages =	 {227-241},
  month =	 dec,
  where =	 {http://www.dtc.umn.edu/~odlyzko/doc/arch/sequence.family.pdf}
}

@Misc{erickson15:_algorithms,
  language =	 {english},
  author =	 {Erickson, Jeff},
  title =	 {Algorithms, Etc.},
  howpublished = {\url{http://jeffe.cs.illinois.edu/teaching/algorithms}},
  month =	 jan,
  year =	 2015,
  note =	 {Department of Computer Science,
		  University of Illinois at Urbana-Champaign}
}

@Misc{erickson18:_adversary_arguments,
  language =	 {english},
  author =	 {Erickson, Jeff},
  title =	 {Adversary Arguments},
  howpublished = {http://jeffe.cs.illinois.edu/teaching/algorithms/notes/13-adversary.pdf},
  month =	 dec,
  year =	 2018,
  note =	 {Part of ``More Algorithm Notes''}}

@Misc{erickson18:_algorithms,
  language =	 {english},
  author =	 {Erickson, Jeff},
  title =	 {Algorithms},
  howpublished = {\url{http://jeffe.cs.illinois.edu/teaching/algorithms/book/Algorithms-JeffE.pdf}},
  month =	 dec,
  year =	 2018,
  note =	 {Pre-publication draft}
}

@Book{erickson19:_algorithms,
  language =	 {english},
  author =	 {Erickson, Jeff},
  title =	 {Algorithms},
  publisher =	 {Independently published},
  year =	 2019,
  isbn10 =	 1792644833,
  isbn13 =	 {978-1792644832},
  where =	 {http://jeffe.cs.illinois.edu/teaching/algorithms}
}

@Misc{fagerberg17:_hunt_szymanski_lcs,
  language =	 {english},
  author =	 {Fagerberg, Rolf},
  title =	 {The {H}unt-{S}zymanski Algorithm for {LCS}},
  howpublished = {\url{https://imada.sdu.dk/~rolf/Edu/DM823/E16/HuntSzymanski.pdf}},
  month =	 jan,
  year =	 2017,
  note =	 {Department of Mathematics and Computer Science,
		  University of Southern Denmark}
}

@Article{fan00:_summary_cache,
  language =	 {english},
  author =	 {Fan, Li and
		  Cao, Pei and
		  Almeida, Jussara and
		  Broder, Andrei Z.},
  title =	 {Summary Cache: A Scalable Wide-Area
		  Web Cache Sharing Protocol},
  journal =	 {IEEE/ACM Transactions on Networking},
  year =	 2000,
  volume =	 8,
  number =	 3,
  pages =	 {281-293},
  month =	 jun,
  doi =		 {10.1109/90.851975}
}

@Article{feige98:_threshold_approximating_set_cover,
  language =	 {english},
  author =	 {Feige, Uriel},
  title =	 {A Threshold of\/ \(\ln n\) for Approximating Set Cover},
  journal =	 {Journal of the ACM},
  year =	 1998,
  volume =	 45,
  number =	 4,
  pages =	 {634-652},
  month =	 jul,
  doi =		 {10.1145/285055.285059},
  where =	 {http://db.cs.duke.edu/courses/cps296.2/spring07/papers/p634-feige.pdf}
}

@Book{felleisen18:_HTDP,
  language =	 {english},
  author =	 {Felleisen, Mathias and
		  Findler, Robert Bruce and
		  Flatt, Matthew and
		  Krishnamurthi, Shriram},
  title =	 {How to Design Programs:
		  An Introduction to Programming and Computing},
  publisher =	 {The MIT Press},
  year =	 2018,
  edition =	 {Second},
  month =	 may,
  asin =	 {B07D7NKSKW},
  isbn10 =	 0262062186,
  isbn13 =	 {978-0262062183},
  where =	 {https://htdp.org}
}

@Misc{ferguson15:_linear_programming,
  language =	 {english},
  author =	 {Ferguson, Thomas S.},
  title =	 {Linear Programming: A Concise Introduction},
  howpublished = {\url{https://www.math.ucla.edu/~tom/LP.pdf}},
  year =	 2015,
  note =	 {Department of Mathematics,
		  University of California at Los Angeles}
}

@Misc{fiebrink07:_amortized_analysis_explained,
  language =	 {english},
  author =	 {Fiebrink, Rebecca},
  title =	 {Amortized Analysis Explained},
  howpublished = {\url{https://www.cs.princeton.edu/~fiebrink/423/AmortizedAnalysisExplained_Fiebrink.pdf}},
  month =	 sep,
  year =	 2007,
  note =	 {Department of Computer Science,
		  Princeton University}
}

@Misc{filmus11:_hardness_approximating_set_cover,
  language =	 {english},
  author =	 {Filmus, Yuval},
  title =	 {Hardness of Approximating Set Cover},
  howpublished = {\url{http://www.cs.toronto.edu/~yuvalf/FeigeSetCover.pdf}},
  month =	 jan,
  year =	 2011
}

@Unpublished{finn82:_compar_probab_tests_primal,
  language =	 {english},
  author =	 {Finn, J.},
  title =	 {Comparison of Probabilistic Tests for Primality},
  note =	 {Unpublished manuscript},
  year =	 1982
}

@Book{flajolet09:_analy_combin,
  language =	 {english},
  author =	 {Flajolet, Philipe and
		  Sedgewick, Robert},
  title =	 {Analytic Combinatorics},
  publisher =	 {Cambridge University Press},
  year =	 2009,
  isbn13 =	 {978-0-521-89806-5},
  where =	 {http://algo.inria.fr/flajolet/Publications/AnaCombi/anacombi.html}
}

@Article{flajolet86:_digital_search_trees_revised,
  language =	 {english},
  author =	 {Flajolet, Phillipe and
		  Sedgewick, Robert},
  title =	 {Digital Search Trees Revised},
  journal =	 {SIAM Journal of Computing},
  year =	 1986,
  volume =	 15,
  number =	 3,
  pages =	 {748-767},
  month =	 aug,
  where =	 {http://algo.inria.fr/flajolet/Publications/FlSe86.pdf}
}

@Misc{fleck13:_build_block_theo_comp_sci,
  language =	 {english},
  author =	 {Fleck, Margaret M.},
  title =	 {Building Blocks for Theoretical Computer Science},
  howpublished = {\url{http://mfleck.cs.illinois.edu/building-blocks}},
  month =	 jan,
  year =	 2013,
  note =	 {(Version 1.3)}
}

@Article{fleiner07:_effic_algor_gener_stabl_marriag_roomm_probl,
  language =	 {english},
  author =	 {Fleiner, Tam{\'a}s and
		  Irwing,Robert W. and
		  Manlove, David F.},
  title =	 {Efficient Algorithms for Generalized {S}table {M}arriage
		  and {R}oommates Problems},
  journal =	 {Theoretical Computer Science},
  year =	 2007,
  volume =	 381,
  number =	 {1-3},
  pages =	 {162-176},
  month =	 aug,
  doi =		 {10.1016/j.tcs.2007.04.029}
}

@Article{floyd62:_shortest_path,
  language =	 {english},
  author =	 {Floyd, Robert W.},
  title =	 {Algorithm 97: Shortest Path},
  journal =	 {Communications of the ACM},
  year =	 1962,
  volume =	 5,
  number =	 6,
  pages =	 345,
  month =	 jun,
  doi =		 {10.1145/367766.368168}
}

@Article{forisek15:_towards_better_way_teach_dynam_progr,
  language =	 {english},
  author =	 {Fori{\v s}ek, Michal},
  title =	 {Towards a Better Way to Teach Dynamic Programming},
  journal =	 {Olympiads in Informatics},
  year =	 2015,
  volume =	 9,
  pages =	 {45-55},
  doi =		 {10.15388/ioi.2015.05}
}

@Article{fredman84:_perfect_hashing,
  language =	 {english},
  author =	 {Fredman, Michael L. and
		  Koml{\'o}s, J{\'a}nos and
		  Szemer{\'e}di, Endre},
  title =	 {Storing a Sparse Table
		  with \(O(1)\)n Worst Case Access Time},
  journal =	 {Journal of the ACM},
  year =	 1984,
  volume =	 31,
  number =	 3,
  pages =	 {538-544},
  month =	 jul,
  doi =		 {10.1145/828.1884}
}

@Article{fredman86:_pairing_heap,
  language =	 {english},
  author =	 {Fredman, Michael L. and
		  Sedgewick, Robert and
		  Sleator, Daniel D. and
		  Tarjan, Robert E.},
  title =	 {The Pairing Heap: A New Form of Self-Adjusting Heap},
  journal =	 {Algorithmica},
  year =	 1986,
  volume =	 1,
  number =	 1,
  pages =	 {111-129},
  month =	 nov,
  doi =		 {10.1007/BF01840439}
}

@Article{fredman87:_fibonacci_heaps,
  language =	 {english},
  author =	 {Fredman, Michael L. and
		  Tarjan, Robert E.},
  title =	 {Fibonacci Heaps and Their Uses
		  in Improved Network Optimization Algorithms},
  journal =	 {Journal of the ACM},
  year =	 1987,
  volume =	 34,
  number =	 3,
  pages =	 {596â€“615},
  month =	 jul,
  doi =		 {10.1145/28869.28874}
}

@InProceedings{freivalds77:_matrix_product_check,
  language =	 {english},
  author =	 {Freivalds, R{\= u}sin{\v s} M.},
  title =	 {Probabilistic Machines Can Use Less Running Time},
  booktitle =	 {Proceedings of the IFIP Congress},
  pages =	 {839â€“842},
  year =	 1977,
  address =	 {Toronto, Canada},
  month =	 aug,
  organization = {International Federation for Information Processing},
  publisher =	 {North-Holland},
  isbn10 =	 {0-7204-0755-9}
}

@Book{friedman95:_little_schemer,
  language =	 {english},
  author =	 {Friedman, Daniel P. and
		  Felleisen, Matthias},
  title =	 {The Little Schemer},
  publisher =	 {The MIT Press},
  year =	 1995,
  edition =	 {Fourth},
  isbn10 =	 0262560992,
  isbn13 =	 {978-0262560993}
}

@Article{gale62:_stable_marriage,
  language =	 {english},
  author =	 {Gale, David and
		  Shapley, Lloyd S.},
  title =	 {College Admissions and the Stability of Marriage},
  journal =	 {The American Mathematical Monthly},
  year =	 1962,
  volume =	 69,
  number =	 1,
  pages =	 {9-15},
  month =	 jan,
  doi =		 {10.2307/2312726},
  where =	 {http://cramton.umd.edu/market-design/gale-shapley-college-admissions.pdf}
}

@Article{galil79:_improving_worst_case_running_time,
  language =	 {english},
  author =	 {Galil, Zvi},
  title =	 {On Improving the Worst Case Running Time
		  of the {B}oyer-{M}oore String Matching Algorithm},
  journal =	 {Communications of the ACM},
  year =	 1979,
  volume =	 22,
  number =	 9,
  pages =	 {505-508},
  month =	 sep,
  doi =		 {10.1145/359146.359148}
}

@Article{galler64:_improved_equiv_algorithm,
  language =	 {english},
  author =	 {Galler, Bernhard A. and
		  Fisher, Michael J.},
  title =	 {An Improved Equivalence Algorithm},
  journal =	 {Communications of the ACM},
  year =	 1964,
  volume =	 7,
  number =	 5,
  pages =	 {301-303},
  month =	 may,
  annote =	 {Proposed Union-Find structure},
  doi =		 {10.1145/364099.364331}
}

@Article{gardner78_2:_mathem_games,
  language =	 {english},
  author =	 {Gardner, Martin},
  title =	 {Mathematical Games},
  journal =	 {Scientific American},
  year =	 1978,
  volume =	 238,
  number =	 2,
  pages =	 {19-32},
  month =	 feb
}

@Article{garey78:_strong_np_results,
  language =	 {english},
  author =	 {Garey, M. R. and
		  Johnson, D. S.},
  title =	 {``{S}trong'' {\NP}-completeness Results:
		  Motivation, Examples, and Implications},
  journal =	 {Journal of the ACM},
  year =	 1978,
  volume =	 25,
  number =	 3,
  pages =	 {499-508},
  month =	 jul,
  doi =		 {10.1145/322077.322090}
}

@Book{gautschi12:_numerical_analysis,
  language =	 {english},
  author =	 {Gautschi, Walter},
  title =	 {Numerical Analysis},
  publisher =	 {Birkh{\"a}user},
  year =	 2012,
  edition =	 {Second},
  isbn13 =	 {978-0-8176-8258-3},
  doi =		 {10.1007/978-0-8176-8259-0},
  where =	 {http://www.ikiu.ac.ir/public_files/profiles/items/090ad_1410599906.pdf}
}

@Article{goeman02:_new_pract_linear_space_algor,
  language =	 {english},
  author =	 {Goeman, Heiko and
		  Clausen, Michael},
  title =	 {A New Practical Linear Space Algorithm for the
		  Longest Common Subsequence Problem},
  journal =	 {Kybernetika},
  year =	 2002,
  volume =	 38,
  number =	 1,
  pages =	 {45-66},
  where =	 {http://dml.cz/dmlcz/135445}
}

@Misc{goemans15:_linear_programming,
  language =	 {english},
  author =	 {Goemans, Michel},
  title =	 {Linear Programming},
  howpublished = {\url{http://math.mit.edu/~goemans/18310S15/lpnotes310.pdf}},
  month =	 mar,
  year =	 2015,
  note =	 {Department of Mathematics,
		  Massachusetts Institute of Technology}
}

@Article{goldberg91:_what_every_cs_should_know_fp,
  language =	 {english},
  author =	 {Goldberg, David},
  title =	 {What Every Computer Scientist Should Know
		  About Floating-Point Arithmetic},
  journal =	 {ACM Computing Surveys},
  year =	 1991,
  volume =	 23,
  number =	 1,
  pages =	 {5-48},
  month =	 mar,
  where =	 {http://perso.ens-lyon.fr/jean-michel.muller/goldberg.pdf}
}

@Misc{goldberg:_floating_point_URL,
  language =	 {english},
  author =	 {Goldberg, David},
  title =	 {What Every Computer Scientist Should Know
		  About Floating-Point Arithmetic},
  howpublished = {\url{http://docs.oracle.com/cd/E19957-01/806-3568/ncg_goldberg.html}}
}

@Misc{goldman07:_adversary_lower_bound,
  language =	 {english},
  author =	 {Goldman, Sally A. and
		  Goldman, Kenneth J.},
  title =	 {Adversary Lower Bound Technique},
  howpublished = {\url{https://goldman.cse.wustl.edu/crc2007/handouts/adv-lb.pdf}},
  note =	 {Online supplement
		  to \cite{goldman07:_practical_guide_data_struct_algorithms_java}}
}

@Book{goldman07:_practical_guide_data_struct_algorithms_java,
  language =	 {english},
  author =	 {Goldman, Sally A. and
		  Goldman, Kenneth J.},
  title =	 {Practical Guide to Data Structures and Algorithms
		  Using Java},
  publisher =	 {Chapman and Hall/CRC},
  year =	 2007,
  isbn10 =	 {158488455X},
  isbn13 =	 {â€Ž978-1584884552}
}

@Article{gonnet81:_expected_len_longest_probe_seq,
  language =	 {english},
  author =	 {Gonnet, Gaston H.},
  title =	 {Expected Length of the Longest Probe Sequence
		  in Hash Code Searching},
  journal =	 {Journal of the ACM},
  year =	 1981,
  volume =	 28,
  number =	 2,
  pages =	 {289-304},
  month =	 apr,
  doi =		 {10.1145/322248.322254}
}

@Book{goodrich01:_algorithm_design,
  author = 	 {Goodrich, Michael T. and
                  Tamassia. Roberto},
  title = 	 {Algorithm Design:
                  Foundations, Analysis, and Internet Examples},
  publisher = 	 {Wiley},
  year = 	 2001,
  isbn10 =	 0471383651,
  isbn13 =	 {978-0471383659}
}

@Book{graham94:_concr_mathem,
  language =	 {english},
  author =	 {Graham, Ronald L. and
		  Knuth, Donald E. and
		  Patashnik, Oren},
  title =	 {Concrete Mathematics:
		  A Foundation for Computer Science},
  publisher =	 {Addison-Wesley Professional},
  year =	 1994,
  edition =	 {Second},
  isbn10 =	 {0201558025}
}

@Article{gries82:_note_strategy_loop_inv,
  language =	 {english},
  author =	 {Gries, David},
  title =	 {A Note on the Standard Strategy
		  for Developing Loop Invariants and Loops},
  journal =	 {Science of Computer Programming},
  year =	 1982,
  volume =	 2,
  number =	 3,
  pages =	 {207-214},
  month =	 dec,
  where =	 {http://www.sciencedirect.com/science/article/pii/0167642383900151/pdfft?md5=b36e62073525cbaa449b94ac1f1784fb&pid=1-s2.0-0167642383900151-main.pdf}
}

@Article{griewank12:_broyden_updating,
  language =	 {english},
  author =	 {Griewank, Andreas},
  title =	 {{B}royden Updating: {T}he Good and the Bad!},
  journal =	 {Documenta Mathematica},
  year =	 2012,
  volume =	 {Extra volume ISMP},
  pages =	 {301-316},
  where =	 {http://www.math.uiuc.edu/documenta/vol-ismp/45_griewank-andreas-broyden.pdf}
}

@Misc{griffin14:_linear_programming,
  language =	 {english},
  author =	 {Griffin, Christopher},
  title =	 {Linear Programming:
		  {P}enn {S}tate {M}ath 484 Lecture Notes},
  howpublished = {\url{http://www.personal.psu.edu/cxg286/Math484_V1.pdf}},
  year =	 2014,
  note =	 {Version 1.8.3}
}

@InProceedings{gruber07:_sorting_slow_way,
  language =	 {english},
  author =	 {Gruber, Herman and
		  Holzer, Markus and
		  Ruepp, Oliver},
  title =	 {Sorting the Slow Way:
		  An Analysis of Perversely Awful
		  Randomized Sorting Algorithms},
  booktitle = {Fun with Algorithms},
  year =	 2007,
  editor =	 {Crescenzi P. and
		  Prencipe G. and
		  Pucci G.},
  number =	 4475,
  series =	 {Lecture Notes in Computer Science},
  pages =	 {183â€“197},
  publisher = {Springer},
  doi =		 {10.1007/978-3-540-72914-3_17}
}

@Book{gusfield03:_stable_marriage_probl,
  language =	 {english},
  author =	 {Gusfield, Dan and
		  Irving, Robert W.},
  title =	 {The Stable Marriage Problem: Structure and Algorithms},
  publisher =	 {MIT Press},
  year =	 2003,
  series =	 {Foundations of Computing},
  isbn10 =	 0262515520,
  isbn13 =	 {978-0262515528}
}

@Article{gusfield87:_three_fast_algor_four_probl_stabl_marriag,
  language =	 {english},
  author =	 {Gusfield, Dan},
  title =	 {Three Fast Algorithms for Four Problems in Stable Marriage},
  journal =	 {SIAM Journal of Computing},
  year =	 1987,
  volume =	 16,
  number =	 1,
  pages =	 {111-118},
  month =	 feb,
  where =	 {https://www.semanticscholar.org/paper/Three-Fast-Algorithms-for-Four-Problems-in-Stable-Gusfield/e2f790f37626b390d62b69f70e6e9afca8ecd0cf}
}

@Article{gutin02:_TSP_not_greedy,
  language =	 {english},
  author =	 {Gutin, Gregory and
		  Yeo, Anders and
		  Zverovich, Alexey},
  title =	 {Traveling Salesman Should Not be Greedy:
		  Domination Analysis of Greedy-Type Heuristics for the {TSP}},
  journal =	 {Discrete Applied Mathematics},
  year =	 2002,
  volume =	 117,
  number =	 {1-3},
  pages =	 {81-86},
  month =	 mar,
  doi =		 {10.1016/S0166-218X(01)00195-0}
}

@Misc{haberman14:_float_point_demystified_part1,
  language =	 {english},
  author =	 {Haberman, Josh},
  title =	 {Floating Point Demystified, Part 1},
  howpublished = {\url{http://blog.reverberate.org/2014/09/what-every-computer-programmer-should.html}},
  month =	 sep,
  year =	 2014
}

@Misc{haberman16:_float_point_demystified_part2,
  language =	 {english},
  author =	 {Haberman, Josh},
  title =	 {Floating Point Demystified, Part 2},
  howpublished = {\url{http://blog.reverberate.org/2016/02/06/floating-point-demystified-part2.html}},
  month =	 feb,
  year =	 2016
}

@Article{haeupler11:_rank_pairing_heaps,
  language =	 {english},
  author =	 {Haeupler, Bernhard and
		  Sen, Siddharta and
		  Tarjan, Robert E.},
  title =	 {Rank-Pairing Heaps},
  journal =	 {SIAM Journal of Computing},
  year =	 2011,
  volume =	 40,
  number =	 6,
  pages =	 {1463-1485},
  doi =		 {10.1137/100785351},
  where =	 {http://sidsen.azurewebsites.net//papers/rp-heaps-journal.pdf}
}

@Article{hager89:_updating_inverse_matrix,
  language =	 {english},
  author =	 {Hager, William W.},
  title =	 {Updating the Inverse of a Matrix},
  journal =	 {SIAM Review},
  year =	 1989,
  volume =	 31,
  number =	 2,
  pages =	 {221-239},
  month =	 jun,
  doi =		 {10.1137/1031049}
}

@Book{hamming62:_numer_method_sci_eng,
  language =	 {english},
  author =	 {Hamming, Richard W.},
  title =	 {Numerical Methods for Scientists and Engineers},
  publisher =	 {McGraw-Hill},
  year =	 1962
}

@Book{hamming87:_numer_method_sci_eng,
  language =	 {english},
  author =	 {Hamming, Richard W.},
  title =	 {Numerical Methods for Scientists and Engineers},
  publisher =	 {Dover},
  year =	 1987,
  edition =	 {Second},
  isbn10 =	 0486652416,
  isbn13 =	 {978-0486652412}
}

@Misc{har-peled07:_cs_algorithms,
  language =	 {english},
  author =	 {Har-Peled, Sariel},
  title =	 {{CS} 473g {A}lgorithms},
  howpublished = {\url{http://sarielhp.org/teach/05/b/book.pdf}},
  month =	 nov,
  year =	 2007
}

@Misc{har-peled15:_new_cs473,
  language =	 {english},
  author =	 {Har-Peled, Sariel},
  title =	 {{NEW} {CS}~473: Theory {II}},
  howpublished = {\url{https://courses.engr.illinois.edu/cs473/fa2015/w/lec/book.pdf}},
  month =	 nov,
  year =	 2015
}

@Misc{har-peled16:_class_notes_randomized_algor,
  language =	 {english},
  author =	 {Har-Peled, Sariel},
  title =	 {Class Notes for Randomized Algorithms},
  howpublished = {\url{http://sarielhp.org/teach/13/b_574_rand_alg/book.pdf}},
  month =	 apr,
  year =	 2016
}

@Misc{har-peled18:_class_notes_random_algor,
  language =	 {english},
  author =	 {Har-Peled, Sariel},
  title =	 {Class Notes for Randomized Algorithms},
  howpublished = {\url{http://sarielhp.org/teach/17/b/book.pdf}},
  month =	 may,
  year =	 2018
}

@Article{harris73:_pivot_selec_metod_devex_lp_code,
  language =	 {english},
  author =	 {Harris, Paula M. J.},
  title =	 {Pivot Selection Metods of the {D}evex {LP} Code},
  journal =	 {Mathematical Programming},
  year =	 1973,
  volume =	 5,
  number =	 1,
  pages =	 {1-28},
  month =	 dec,
  doi =		 {10.1007/BF01580108}
}

@Article{hart68:_A-star,
  language =	 {english},
  author =	 {Hart, Peter E. and
		  Nilsson, Nils J. and
		  Raphael, Bertram},
  title =	 {A Formal Basis for the Heuristic Determination
		  of Minimum Cost Paths},
  journal =	 {IEEE Transactions on Systems Science and Cybernetics},
  year =	 1968,
  volume =	 4,
  number =	 2,
  pages =	 {100-107},
  month =	 jul,
  note =	 {Correction~\cite{hart72:_correction_A-star}},
  doi =		 {10.1109/TSSC.1968.300136},
  where =	 {http://ai.stanford.edu/~nilsson/OnlinePubs-Nils/PublishedPapers/astar.pdf}
}

@Article{hart72:_correction_A-star,
  language =	 {english},
  author =	 {Hart, Peter E. and
		  Nilsson, Nils J. and
		  Raphael, Bertram},
  title =	 {Correction to
		  ``{A} Formal Basis for the Heuristic Determination
		    of Minimum Cost Paths''},
  journal =	 {ACM SIGART Bulletin},
  year =	 1972,
  volume =	 37,
  pages =	 {28-29},
  month =	 dec,
  doi =		 {10.1145/1056777.1056779}
}

@Article{heckel78:_techn_isolat_differ_between_files,
  language =	 {english},
  author =	 {Heckel, Paul},
  title =	 {A Technique for Isolating Differences Between Files},
  journal =	 {Communications of the ACM},
  year =	 1978,
  volume =	 21,
  number =	 4,
  pages =	 {264-268},
  month =	 apr,
  doi =		 {10.1145/359460.359467}
}

@Article{heideman84:_gauss_history_FFT ,
  language =	 {english},
  author =	 {Heideman, Michael T. and
		  Johnson, Don H. and
		  Burrus, Charles Sidney},
  title =	 {Gauss and the History of the Fast {F}ourier Transform},
  journal =	 {IEEE ASP Magazine},
  year =	 1984,
  volume =	 1,
  number =	 4,
  pages =	 {14-21},
  month =	 oct,
  doi =		 {10.1109/FMASSP.1984.1162257},
  where =	 {http://www.cis.rit.edu/class/simg716/Gauss_History_FFT.pdf}
}

@Misc{heinbockel12:_intro_calculus_I,
  language =	 {english},
  author =	 {Heinbockel, J. H.},
  title =	 {Introduction to Calculus, Volume 1},
  howpublished = {\url{http://www.math.odu.edu/~jhh/Volume-1.PDF}},
  year =	 2012,
  note =	 {Department of Mathematics and Statistics,
		  Old Dominion University}
}

@Misc{heinbockel12:_intro_calculus_II,
  language =	 {english},
  author =	 {Heinbockel, J. H.},
  title =	 {Introduction to Calculus, Volume 2},
  howpublished = {\url{http://www.math.odu.edu/~jhh/Volume-2.PDF}},
  year =	 2012,
  note =	 {Department of Mathematics and Statistics,
		  Old Dominion University}
}

@Misc{heinhold13:_intuitive_guide_numer_methods,
  language =	 {english},
  author =	 {Heinhold, Brian},
  title =	 {An Intuitive Guide to Numerical Methods},
  howpublished = {\url{https://www.brianheinold.net/notes/An_Intuitive_Guide_to_Numerical_Methods_Heinold.pdf}},
  year =	 2013,
  note =	 {Department of Mathematics and Computer Science,
		  Mount St. Mary's University}
}

@Article{helman93:_exact_charac_greed_struc,
  language =	 {english},
  author =	 {Helman, Paul and
		  Moret, Bernard M. E. and
		  Shapiro, Henry D.},
  title =	 {An Exact Characterization of Greedy Structures},
  journal =	 {SIAM Journal of Discrete Mathematics},
  year =	 1993,
  volume =	 6,
  number =	 2,
  pages =	 {274-283},
  month =	 may,
  doi =		 {10.1137/0406021},
  where =	 {https://epubs.siam.org/doi/pdf/10.1137/0406021}
}

@Book{hetland14:_python_algorithms,
  language =	 {english},
  author =	 {Hetland, Magnus Lie},
  title =	 {Python Algorithms:
		  Mastering Basic Algorithms in the {P}ython Language},
  publisher =	 {Apress},
  year =	 2014,
  edition =	 {Second},
  doi =		 {10.1007/978-1-4842-0055-1},
  isbn13 =	 {978-1-4842-0056-8},
  where =	 {https://link.springer.com/book/10.1007%2F978-1-4842-0055-1}
}

@Article{higham04:_numer_stab_baryc_lagrange_interp,
  language =	 {english},
  author =	 {Higham, Nicholas J.},
  title =	 {The Numerical Stability
		  of Barycentric {L}agrange Interpolation},
  journal =	 {IMA Journal of Numerical Analysis},
  year =	 2004,
  volume =	 24,
  number =	 4,
  pages =	 {547-556},
  month =	 oct,
  doi =		 {10.1093/imanum/24.4.547},
  where =	 {http://www.maths.manchester.ac.uk/~higham/narep/narep440.pdf}
}

@Misc{hildebrand09:_math595ama,
  language =	 {english},
  author =	 {Hildebrand, Adolf J.},
  title =	 {Math {595AMA}: Asymptotic Methods in Analysis},
  howpublished = {\url{https://faculty.math.illinois.edu/~hildebr/595ama}},
  month =	 sep,
  year =	 2009,
  note =	 {Department of Mathematics,
		  University of Illinois at Urbana-Champaign}
}

@Misc{hildebrand15:_short_course_asymptotics,
  language =	 {english},
  author =	 {Hildebrand, Adolf J.},
  title =	 {Short Course on Asymptotics},
  howpublished = {\url{https://faculty.math.illinois.edu/~hildebr/lecture-notes/asymptotics.pdf}},
  month =	 jul,
  year =	 2015,
  note =	 {Mathematics Summer REU Programs,
		  University of Illinois at Urbana-Champaign}
}

@Article{hirschberg75:_linear_space_algor_comput_maxim_common_subseq,
  language =	 {english},
  author =	 {Hirschberg, Daniel S.},
  title =	 {A Linear Space Algorithm
		  for Computing Maximal Common Subsequences},
  journal =	 {Communications of the ACM},
  year =	 1975,
  volume =	 18,
  number =	 6,
  pages =	 {341-343},
  month =	 jun,
  doi =		 {10.1145/360825.360861}
}

@InCollection{hirschberg97:_serial_comp_distances,
  language =	 {english},
  author =	 {Hirschberg, D. S.},
  title =	 {Serial Computations of {L}evenshtein Distances},
  booktitle =	 {Pattern Matching Algorithms},
  pages =	 {123-141},
  publisher =	 {Oxford University Press},
  year =	 1997,
  editor =	 {Apostolico, Alberto and
		  Galill, Zvi},
  isbn13 =	 {0-19-511367-5},
  where =	 {https://doc.lagout.org/science/0_Computer%20Science/2_Algorithms/Pattern%20Matching%20Algorithms%20%5BApostolico%20%26%20Galill%201997-05-29%5D.pdf}
}

@Article{hirst97:_bound_roots_polynomials,
  language =	 {english},
  author =	 {Hirst, Holly P. and
		  Macey, Wade T.},
  title =	 {Bounding the Roots of Polynomials},
  journal =	 {The College Mathematics Journal},
  year =	 1997,
  volume =	 28,
  number =	 4,
  pages =	 {292-295},
  month =	 sep
}

@Article{hitotumatu79:_techn_implem_backtrack_algorithm_appl,
  language =	 {english},
  author =	 {Hitotumatu, Hiroshi and
		  Noshita, Kohei},
  title =	 {A Technique for Implementing Backtrack Algorithms
		  and it's Application},
  journal =	 {Information Processing Letters},
  year =	 1979,
  volume =	 8,
  number =	 4,
  pages =	 {174-175},
  month =	 apr,
  doi =		 {10.1016/0020-0190(79)90016-4}
}

@Article{hoare62:_quicksort,
  language =	 {english},
  author =	 {Hoare, C. A. R.},
  title =	 {Quicksort},
  journal =	 {Computer Journal},
  year =	 1962,
  month =	 apr,
  volume =	 5,
  number =	 1,
  pages =	 {10-15}
}

@Article{hoeffding63:_inequality,
  language =	 {english},
  author =	 {H{\o}ffding, Wassily},
  title =	 {Probability Inequalities
		  for Sums of Bounded Random Variables},
  journal =	 {Journal of the American Statistical Association},
  year =	 1963,
  volume =	 58,
  number =	 301,
  pages =	 {13-30},
  doi =		 {10.1080/01621459.1963.10500830},
  where =	 {http://repository.lib.ncsu.edu/bitstream/1840.4/2170/1/ISMS_1962_326.pdf}
}

@Misc{hoop12:_convergence_secant_method,
  language =	 {english},
  author =	 {Hoop, Maarten de},
  title =	 {Convergence of the Secant Method},
  howpublished = {\url{https://cpb-us-e1.wpmucdn.com/blogs.rice.edu/dist/8/4754/files/2016/09/SecantConverge-1u5coso.pdf}},
  month =	 aug,
  year =	 2012,
  note =	 {Computational and Applied Mathematics,
		  Rice University}
}

@Book{hopcroft07:_introd_autom_theor_languag_comput,
  language =	 {english},
  author =	 {Hopcroft, John E. and
		  Motwani, Rajeev and
		  Ullman, Jeffrey D.},
  title =	 {Introduction to Automata Theory, Languages, and Computation},
  publisher =	 {Pearson/Addison-Wesley},
  year =	 2007,
  edition =	 {Third}
}

@Article{hopcroft73:_set_merging_algorithm,
  language =	 {english},
  author =	 {Hopcroft, John E. and
		  Ullman, Jeffrey D.},
  title =	 {Set Merging Algorithms},
  journal =	 {SIAM Journal of Computing},
  year =	 1973,
  volume =	 2,
  number =	 4,
  pages =	 {294-303},
  annote =	 {\log^* bound for Union-Find},
  doi =		 {10.1137/0202024}
}

@Misc{horel15:_notes_greedy_algo_submodular,
  language =	 {english},
  author =	 {Horel, Thibaut},
  title =	 {Notes on Greedy Algorithms for Submodular Maximization},
  howpublished = {\url{https://thibaut.horel.org/submodularity/notes/02-12.pdf}},
  month =	 feb,
  year =	 2015
}

@Article{horner19:_new_method,
  language =	 {english},
  author =	 {Horner, William George},
  title =	 {A New Method of Solving Numerical Equations of All Orders,
		  by Continuous Approximation},
  journal =	 {Philosophical Transactions of the Royal Society},
  year =	 1819,
  volume =	 109,
  pages =	 {308-335},
  month =	 jan,
  doi =		 {10.1098/rstl.1819.0023},
  where =	 {https://www.ece.cmu.edu/~ece447/s15/lib/exe/fetch.php?media=horner-1819.pdf}
}

@Book{householder70:_num_single_nonlin_equation,
  language =	 {english},
  author =	 {Householder, Alston Scott},
  title =	 {The Numerical Treatment of a Single Nonlinear Equation},
  publisher =	 {McGraw-Hill},
  year =	 1970
}

@Book{hromkovic05:_design_anal_randomized_algor,
  language =	 {english},
  author =	 {Hromkovi{\v c}, Juraj},
  title =	 {Design and Analysis of Randomized Algorithms},
  publisher =	 {Springer},
  year =	 2005,
  series =	 {Texts in Theoretical Computer Science},
  isbn10 =	 {3-540-23949-9},
  isbn13 =	 {978-3-540-23949-9}
}

@Misc{huang04:_sperner_lemma_applications,
  language =	 {english},
  author =	 {Huang, Jonathan},
  title =	 {On the {S}perner Lemma and its Applications},
  howpublished = {\url{http://jonathan-huang.org/research/old/sperner.pdf}},
  month =	 sep,
  year =	 2004
}

@Article{huffman52:_method_const_minim_redun_codes,
  language =	 {english},
  author =	 {Huffman, David A.},
  title =	 {A Method for the COnstruction of Minimum-Redundancy Codes},
  journal =	 {Proceedings of the IRE},
  year =	 1952,
  volume =	 40,
  number =	 9,
  pages =	 {1098-1101},
  month =	 Sep,
  doi =		 {10.1109/JRPROC.1952.273898},
  where =	 {http://compression.ru/download/articles/huff/huffman_1952_minimum-redundancy-codes.pdf}
}

@TechReport{hunt76:_algor_differ_file_compar,
  language =	 {english},
  author =	 {Hunt, James W. and
		  McIllroy, M. Douglas},
  title =	 {An Algorithm for Differential File Comparison},
  institution =	 {Bell Laboratories},
  year =	 1976,
  type =	 {Computing Science Technical Report},
  number =	 41,
  month =	 jun,
  where =	 {http://www.cs.dartmouth.edu/~doug/diff.pdf}
}

@Article{hunt77:_fast_algor_comput_lcs,
  language =	 {english},
  author =	 {Hunt, James W. and
		  Szymanski, Thomas G.},
  title =	 {A Fast Algorithm for Computing Longest Common Subsequences},
  journal =	 {Communications of the ACM},
  year =	 1977,
  volume =	 20,
  number =	 5,
  pages =	 {350-353},
  month =	 may,
  doi =		 {10.1145/359581.359603}
}

@Misc{hunter14:_intro_real_analysis,
  language =	 {english},
  author =	 {Hunter, John K.},
  title =	 {An Introdution to Real Analysis},
  howpublished = {\url{https://www.math.ucdavis.edu/~hunter/intro_analysis_pdf/intro_analysis.pdf}},
  year =	 2014,
  note =	 {Department of Mathematics,
		  University of California at Davis}
}

@Article{hwang03:_asymp_theor_recur_relat_based_minim_maxim,
  language =	 {english},
  author =	 {Hwang, Hsien-Kuei and
		  Tsai, Tsung-Hsi},
  title =	 {An Asymptotic Theory for Recurrence Relations
		  Based on Minimization and Maximization},
  journal =	 {Theoretical Computer Science},
  year =	 2003,
  volume =	 290,
  number =	 3,
  pages =	 {1475-1501},
  month =	 jan,
  doi =		 {10.1016/S0304-3975(02)00066-X},
  where =	 {http://algo.stat.sinica.edu.tw/hk/files/2005_07/pdf/An_asymptotic_theory_for_recurrence_relations_based.pdf, https://pdf.sciencedirectassets.com/271538/1-s2.0-S0304397500X04926/1-s2.0-S030439750200066X/main.pdf}
}

@Article{hwang17:_exact_asymp_solut_divid_conquer,
  language =	 {english},
  author =	 {Hwang, Hsien-Kuei and
		  Janson, Svante and
		  Tsai, Tsung-Hsi},
  title =	 {Exact and Asymptotic Solutions
		  of a Divide-and-Conquer Recurrence Dividing at Half:
		  Theory and Applications},
  journal =	 {ACM Transactions on Algorithms},
  year =	 2017,
  volume =	 13,
  number =	 4,
  pages =	 47,
  doi =		 {10.1145/3127585},
  where =	 {https://www.researchgate.net/publication/320642171_Exact_and_Asymptotic_Solutions_of_a_Divide-and-Conquer_Recurrence_Dividing_at_Half_Theory_and_Applications}
}

@Misc{iacono14:_improv_upper_bound_pairing_heaps,
  language =	 {english},
  author =	 {Iacono, John},
  title =	 {Improved Upper Bounds for Pairing Heaps},
  howpublished = {\url{https://arxiv.org/abs/1110.4428}},
  month =	 jan,
  year =	 2014,
  annote =	 {version 3}
}

@InProceedings{iacono14:_why_some_heaps_support_const,
  language =	 {english},
  author =	 {Iacono, John and
		  {\"O}zkan, {\"O}zg{\"u}r},
  title =	 {Why Some Heaps Support Constant-Amortized-Time
		  Decrease-Key Operations,
		  and Others Do Not},
  booktitle =	 {International Colloquium
		  on Automata, Languages and Programming},
  year =	 2014,
  editor =	 {Esparza, J. and
		  Fraigniaud, P. and
		  Husfeldt, T. and
		  Koutsouias, E.},
  volume =	 8572,
  series =	 {Lecture Notes in Computer Science},
  pages =	 {637-649},
  publisher =	 {Springer},
  doi =		 {10.1007/978-3-662-43948-7_53},
  where =	 {https://arxiv.org/abs/1302.6641}
}

@Misc{ignjatovic16:_DP,
  language =	 {english},
  author =	 {Ignjatovi{\'c}, Aleksandar},
  title =	 {{COMP}\,3121/9101/3821/9801 Lecture Notes:
		  More on Dynamic Programming ({DP})},
  howpublished = {\url{http://www.cse.unsw.com/~cs3121/Lectures/COMP3121_Lecture_Notes_DP.pdf}},
  month =	 apr,
  year =	 2016,
  note =	 {Department of Computer Science and Engineering,
		  University of New South Wales}
}

@Article{irwing85:_eff_algor_stable_roommates_prob,
  language =	 {english},
  author =	 {Irwing,Robert W.},
  title =	 {An Efficient Algorithm
		  for the ``{S}table {R}oommates'' Problem},
  journal =	 {Journal of Algorithms},
  year =	 1985,
  volume =	 6,
  number =	 4,
  pages =	 {577-595},
  month =	 dec,
  doi =		 {10.1016/0196-6774(85)90033-1},
  where =	 {https://uvacs2102.github.io/docs/roomates.pdf}
}

@Article{ivanchykhin17:_regular_almost_univeral_hashing,
  language =	 {english},
  author =	 {Ivanchykhin, Dmytro and
		  Ignatchenko, Sergey and
		  Lemire, Daniel},
  title =	 {Regular and Almost Universal Hashing:
		  An Efficient Implementation},
  journal =	 {Softare -- Practice \& Experience},
  year =	 2017,
  volume =	 47,
  number =	 10,
  pages =	 {1299-1323},
  month =	 oct,
  doi =		 {10.1002/spe.2461},
  where =	 {https://arxiv.org/abs/1609.09840},
  code =	 {https://github.com/lemire/StronglyUniversalStringHashing}
}

@InProceedings{iwama08:_stable_marriage_probl_survey,
  language =	 {english},
  author =	 {Iwama, Kazuo and
		  Miyazaki, Shuichi},
  title =	 {The Stable Marriage Problem and Its Variants},
  booktitle =	 {International Conference
		  on Informatics Education and Research
		  for Knowledge-Circulating Society},
  year =	 2008,
  pages =	 {131-136},
  month =	 jan,
  address =	 {Kyoto, Japan},
  doi =		 {10.1109/ICKS.2008.7},
  where =	 {http://140.123.102.14:8080/reportSys/file/paper/scfu/scfu_21_paper.pdf}
}

@Article{janson16:_unifed_approac_linear_probin_hashin_bucket,
  language =	 {english},
  author =	 {Janson, Svante and
		  Viola, Alfredo},
  title =	 {A Unifed Approach to Linear Probing Hashing with Buckets},
  journal =	 {Algorithmica},
  year =	 2016,
  volume =	 75,
  number =	 4,
  pages =	 {724-781},
  month =	 aug,
  doi =		 {10.1007/s00453-015-0111-x}
}

@Article{jarnik30:_MST,
  language =	 {czech},
  author =	 {Jarn{\'\i}k, Vojt{\v e}ch},
  title =	 {O jist{\'e}m probl{\'e}mu minim{\'a}ln{\'\i}m},
  journal =	 {Pr{\'a}ce Moravsk{\'e} P{\v n}{\'\i}rodov{\v e}deck{\'e}
		  Spole{\v c}nosti},
  year =	 1930,
  volume =	 6,
  number =	 4,
  pages =	 {57-63},
  where =	 {http://dml.cz/dmlcz/500726}
}

@Book{jenkyns13:_fund_discr_math_comp_sci,
  language =	 {english},
  author =	 {Jenkyns, Tom and
		  Stephenson, Ben},
  title =	 {Fundamentals of Discrete Math for Computer Science},
  publisher =	 {Springer},
  year =	 2013,
  isbn13 =	 {978-1-4471-4068-9},
  isbn13e =	 {978-1-4471-4069-6},
  doi =		 {10.1007/978-1-4471-4069-6}
}

@Misc{joyce94:_newton_basins,
  language =	 {english},
  author =	 {Joyce, David E.},
  title =	 {Newton Basins},
  howpublished = {\url{https://mathcs.clarku.edu/~djoyce/newton/newton.html}},
  month =	 aug,
  year =	 1994
}

@Misc{kahan04:_logarithm_too_clever_half,
  language =	 {english},
  author =	 {Kahan, William},
  title =	 {A Logarithm Too Clever by Half},
  howpublished = {\url{https://people.eecs.berkeley.edu/~wkahan/LOG10HAF.TXT}},
  month =	 aug,
  year =	 2004,
  note =	 {Department of Electrical Engineering
		  and Computer Science,
		  University of California, Berkeley}
}

@Misc{kahan10:_estim_error_bound_cauchy_iteration,
  language =	 {english},
  author =	 {Kahan, William},
  title =	 {Estimated Error Bounds from {C}auchy's Iterating Function},
  howpublished = {\url{https://people.eecs.berkeley.edu/~wkahan/Math128/CauchyIF.pdf}},
  month =	 dec,
  year =	 2010,
  note =	 {Department of Electrical Engineering and Computer Science,
		  University of California, Berkeley}
}

@Misc{kahan12:_desperately_needed_remedies,
  language =	 {english},
  author =	 {Kahan, William},
  title =	 {Desperately Needed Remedies
		  for the Undebuggability of Large Floating-Point Computations
		  in Science and Engineering},
  howpublished = {https://people.eecs.berkeley.edu/~wkahan/Boulder.pdf},
  month =	 apr,
  year =	 2012,
  note =	 {Department of Electrical Engineering and Computer Science,
		  University of California, Berkeley}
}

@Misc{kahan16:_lecture_notes_real_root_finding,
  language =	 {english},
  author =	 {Kahan, William M.},
  title =	 {Lecture Notes on Real Root-Finding},
  howpublished = {\url{https://people.eecs.berkeley.edu/~wkahan/Math128/RealRoots.pdf}},
  month =	 mar,
  year =	 2016,
  note =	 {Electrical Engineering and Computer Science,
		  University of California at Berkeley}
}

@Article{kahan65:_truncation_errors,
  language =	 {english},
  author =	 {Kahan, William},
  title =	 {Pracniques: Further Remarks on Reducing Truncation Errors},
  journal =	 {Communications of the ACM},
  year =	 1965,
  volume =	 8,
  number =	 1,
  pages =	 40,
  month =	 jan,
  doi =		 {10.1145/363707.363723}
}

@Article{kahan79:_calculator_solve_key,
  language =	 {english},
  author =	 {Kahan, William M.},
  title =	 {Personal Calculator Has Key to Solve Any Equation
		  \(f(x) = 0\)},
  journal =	 {Hewlett-Packard Journal},
  year =	 1979,
  volume =	 30,
  number =	 12,
  pages =	 {20-26},
  month =	 dec,
  where =	 {http://www.hpl.hp.com/hpjournal/pdfs/IssuePDFs/1979-12.pdf}
}

@Article{kamp10:_doing_it_wrong,
  language =	 {english},
  author =	 {Kamp, Poul-Henning},
  title =	 {You're Doing It Wrong},
  journal =	 {ACM Queue},
  year =	 2010,
  volume =	 8,
  number =	 6,
  month =	 jun,
  where =	 {https://dl.acm.org/ft_gateway.cfm?id=1814327&ftid=1053993&dwn=1}
}

@Article{karatsuba62:_multiplication,
  language =	 {english},
  author =	 {Karatsuba, A. and
		  Ofman, {\relax Yu.}},
  title =	 {Multiplication of Many-Digital Numbers by Automatic
		  Computers},
  journal =	 {Proceedings of the USSR Academy of Sciences},
  year =	 1962,
  volume =	 145,
  pages =	 {293-294}
}

@Misc{karger05:_splay_trees,
  language =	 {english},
  author =	 {Karger, David},
  title =	 {Splay Trees},
  howpublished = {\url{https://ocw.mit.edu/courses/electrical-engineering-and-computer-science/6-854j-advanced-algorithms-fall-2005/lecture-notes/dzhang_splaytree.pdf}},
  month =	 sep,
  year =	 2005,
  note =	 {Department of Electrical Engineering and Computer Science,
		  Massachussetts Institute of Technology}
}

@Article{karger95:_random_linear_time_MST,
  language =	 {english},
  author =	 {Karger, David R. and
		  Klein, Phillip N. and
		  Tarjan, Robert E.},
  title =	 {A Randomized Linear-Time Algorithm
		  to Find Minimum Spanning Trees},
  journal =	 {Journal of the ACM},
  year =	 1995,
  volume =	 42,
  number =	 2,
  pages =	 {321-328},
  month =	 mar,
  doi =		 {10.1145/201019.201022}
}

@Article{karmarkar84:_new_polynomial_algorithm_linear_progr,
  language =	 {english},
  author =	 {Karmarkar, Narendra},
  title =	 {A New Polynomial-Time Algorithm for Linear Programming},
  journal =	 {Combinatorica},
  year =	 1984,
  volume =	 4,
  number =	 4,
  pages =	 {373-395},
  month =	 dec,
  doi =		 {10.1007/BF02579150},
  where =	 {http://citeseerx.ist.psu.edu/viewdoc/download?doi=10.1.1.136.1990&rep=rep1&type=pdf}
}

@Article{karp87:_efficient_random_pattern_match_algor,
  language =	 {english},
  author =	 {Karp, Richard M. and
		  Rabin, Michael O.},
  title =	 {Efficient Randomized Pattern-Matching Algorithms},
  journal =	 {IBM Journal of Research and Development},
  year =	 1987,
  volume =	 31,
  number =	 2,
  pages =	 {249-260},
  month =	 mar,
  where =	 {https://pdfs.semanticscholar.org/c47d/151f09c567013761632c89e237431c6291a2.pdf}
}

@Article{karp91:_intro_randomized_algorithms,
  language =	 {english},
  author =	 {Karp, Richard M.},
  title =	 {An Introduction to Randomized Algorithms},
  journal =	 {Discrete Applied Mathematics},
  year =	 1991,
  volume =	 34,
  number =	 {1-3},
  pages =	 {165-201},
  month =	 nov,
  doi =		 {10.1016/0166-218X(91)90086-C},
  where =	 {http://www.immorlica.com/randAlg/Karp91.pdf}
}

@TechReport{kasami65:_effic_recog_syntax_analy_algor,
  language =	 {english},
  author =	 {Kasami, Tadao},
  title =	 {An Efficient Recognition and Syntax-Analysis Algorithm
		  for Context-Free Languages},
  institution =	 {Air Force Cambridge Research Laboratories},
  year =	 1965,
  number =	 {65-758},
}

@Article{kaser14:_strongly_universal_string_hashing_fast,
  language =	 {english},
  author =	 {Kaser, Owen and
		  Lemire, Daniel},
  title =	 {Strongly Universal String Hashing is Fast},
  journal =	 {Computer Journal},
  year =	 2014,
  volume =	 57,
  number =	 11,
  pages =	 {1624-1638},
  month =	 nov,
  doi =		 {10.1093/comjnl/bxt070},
  where =	 {https://arxiv.org/abs/1202.4961},
  code =	 {https://github.com/lemire/StronglyUniversalStringHashing}
}

@InCollection{kernighan07:_regex_matcher,
  language =	 {english},
  author =	 {Kernighan, Brian},
  title =	 {A Regular Expression Matcher},
  booktitle =	 {Beautiful Code:
		  Leading Programmers Explain How They Think},
  pages =	 {24-33},
  crossref =	 {oram07:_beautiful_code}
}

@Misc{kernighan07:_regex_matcher_url,
  language =	 {english},
  author =	 {Kernighan, Brian W.},
  title =	 {A Regular Expression Matcher},
  url =		 {https://www.cs.princeton.edu/courses/archive/spr09/cos333/beautiful.html},
  month =	 jan,
  year =	 2007,
  note =	 {Code by Rob Pike}
}

@Book{kernighan99:_practice_programming,
  language =	 {english},
  author =	 {Kernighan, Brian W. and
		  Pike, Rob},
  title =	 {The Practice of Programming},
  publisher =	 {Addison-Wesley},
  year =	 1999,
  isbn10 =	 9780201615869,
  isbn13 =	 {978-0201615869}
}

@Article{khachiyan79:_polynomial_algo_linear_programming,
  language =	 {english},
  author =	 {Khachiyan, Leonid G.},
  title =	 {A Polynomial Algorithm in Linear Programming},
  journal =	 {Doklady Akademiia Nauk SSSR},
  year =	 1979,
  volume =	 244,
  pages =	 {1093-1096},
  note =	 {(English translation: Soviet Mathematics Doklady,
		  20(1):191â€“194, 1979)}
}

@Misc{khuller12:_design_anal_algor,
  language =	 {english},
  author =	 {Khuller, Samir},
  title =	 {Design and Analysis of Algorithms: Course Notes},
  howpublished = {\url{https://www.cs.umd.edu/users/samir/2012lecnotes.pdf}},
  month =	 jan,
  year =	 2012,
  note =	 {Department of Computer Science,
		  University of Maryland}
}

@Article{khuller99:_budget_max_cover_problem,
  language =	 {english},
  author =	 {Khuller, Samir and
		  Moss, Anna and
		  Naor, Joseph S.},
  title =	 {The Budgeted Maximum Coverage Problem},
  journal =	 {Information Processing Letters},
  year =	 1999,
  volume =	 70,
  number =	 1,
  pages =	 {39-45},
  month =	 apr,
  doi =		 {10.1016/S0020-0190(99)00031-9}
}

@Book{kincaid02:_numerical_analysis,
  language =	 {english},
  author =	 {Kincaid, David and
		  Ward Cheney},
  title =	 {Numerical Analysis: Mathematics of Scientific Computing},
  publisher =	 {American Mathematical Society},
  year =	 2002,
  series =	 {Pure and Applied Undergraduate Texts 2},
  edition =	 {Third},
  isbn10 =	 0821847880,
  isbn13 =	 9780821847886
}

@Book{kiusalaas13:_numerical_meth_python3,
  language =	 {english},
  author =	 {Kiusalaas, Jaan},
  title =	 {Numerical Methods in Engineering with {P}ython 3},
  publisher =	 {Cambridge University Press},
  year =	 2013,
  edition =	 {Third},
  month =	 jan,
  isbn10 =	 1107033853,
  isbn13 =	 {978-1107033856}
}

@Misc{klappenecker08:_theory_greedy_algorithms,
  language =	 {english},
  author =	 {Klappenecker, Andreas},
  title =	 {Theory of Greedy Algorithms},
  howpublished = {\url{https://parasol.tamu.edu/~welch/teaching/411.f08/greedy.pdf}},
  month =	 sep,
  year =	 2008
}

@InProceedings{klee69:_how_good_simplex_algo,
  language =	 {english},
  author =	 {Klee, Victor and
		  Minty, George J.},
  title =	 {How Good is the Simplex Algorithm?},
  booktitle =	 {Inequalities III
		  (Proceedings of the Third Symposium on Inequalities)},
  pages =	 {159-175},
  year =	 1969,
  month =	 sep
}

@Misc{klein20:_python_course,
  language =	 {english},
  author =	 {Klein, Bernd},
  title =	 {Python Course},
  howpublished = {\url{https://www.python-course.eu}},
  year =	 2020}

@Book{kleinberg05:_algorithm_design,
  language =	 {english},
  author =	 {Kleinberg, Jon and
		  Tardos, {\'E}va},
  title =	 {Algorithm Design},
  publisher =	 {Addison-Wesley},
  year =	 2005,
  isbn10 =	 0321295358,
  isbn13 =	 {978-0321295354}
}

@Book{kleinberg11:_algorithm_design,
  language =	 {english},
  author =	 {Kleinberg, Jon and
		  Tardos, {\'E}va},
  title =	 {Algorithm Design},
  publisher =	 {Addison-Wesley Professional},
  year =	 2011,
  edition =	 {Second},
  isbn10 =	 0132131080,
  isbn13 =	 {978-0132131087}
}

@Article{klement14:_using_quasi_newton_algor,
  language =	 {english},
  author =	 {Klement, Jan},
  title =	 {On Using Quasi-{N}ewton Algorithms of the {B}royden Class
		  for Model-to-Test Correlation},
  journal =	 {Journal of Aerospace Technology and Management},
  year =	 2014,
  volume =	 6,
  number =	 4,
  month =	 {oct/dec},
  doi =		 {10.5028/jatm.v6i4.373},
  where =	 {http://www.jatm.com.br/ojs/index.php/jatm/article/view/373}
}

@InCollection{knuth00:_dancing_links,
  language =	 {english},
  author =	 {Knuth, Donald E.},
  title =	 {Dancing Links},
  booktitle =	 {Millenial Perspectives in Computer Science},
  pages =	 {187-214},
  publisher =	 {Red Globe Press},
  year =	 2000,
  editor =	 {Davies, Jim and
		  Roscoe, Bill and
		  Jim Woodcock},
  series =	 {Cornerstones of Computing},
  isbn13 =	 {9780333922309},
  where =	 {https://arxiv.org/abs/cs/0011047}
}

@Book{knuth09:_sgb,
  author = 	 {Knuth, Donald E.},
  title = 	 {The {S}tanford {G}raph{B}ase:
                  A Platform for Combinatorial Computing},
  publisher = 	 {Addison-Wesley/ACM Press},
  year = 	 {2009},
  edition = 	 {Paperback},
  isbn13 =	 {0-321-60632-9},
  where =	 {https://www-cs-faculty.stanford.edu/~knuth/sgb.html}
}

@Book{knuth11:_combin_alg_1,
  language =	 {english},
  author =	 {Knuth, Donald E.},
  title =	 {Combinatorial Algorithms, Part 1},
  publisher =	 {Addison-Wesley},
  year =	 {\noopsort{2011a}2011},
  volume =	 {4a},
  series =	 {The Art of Computer Programming}
}

@Misc{knuth63:_notes_open_addressing,
  language =	 {english},
  author =	 {Knuth, Donald E.},
  title =	 {Notes on ``Open'' Addressing},
  howpublished = {\url{http://citeseerx.ist.psu.edu/viewdoc/summary?doi=10.1.1.56.4899}},
  month =	 jul,
  year =	 1963
}

@Book{knuth69:_semin_algor,
  language =	 {english},
  author =	 {Knuth, Donald E.},
  title =	 {Seminumerical Algorithms},
  publisher =	 {Addison-Wesley},
  year =	 {\noopsort{1969a}1969},
  volume =	 2,
  series =	 {The Art of Computer Programming}
}

@Article{knuth71:_notes_avoiding_goto_statement,
  language =	 {english},
  author =	 {Knuth, Donald E. and
		  Floyd, Robert W.},
  title =	 {Notes on Avoiding ``\texttt{go to}'' Statements},
  journal =	 {Information Processing Letters},
  year =	 1971,
  volume =	 1,
  number =	 1,
  pages =	 {23-31},
  month =	 feb,
  doi =		 {10.1016/0020-0190(71)90018-4},
  where =	 {https://www.academia.edu/17412791/notes_on_avoiding_gotostatements}
}

@Article{knuth71:_optimal_binary_search_trees,
  language =	 {english},
  author =	 {Knuth, Donald E.},
  title =	 {Optimal Binary Search Trees},
  journal =	 {Acta Informatica},
  year =	 1971,
  volume =	 1,
  number =	 1,
  pages =	 {14-25},
  month =	 mar,
  doi =		 {10.1007/BF00264289}
}

@Book{knuth73:_fundam_algor,
  language =	 {english},
  author =	 {Knuth, Donald E.},
  title =	 {Fundamental Algorithms},
  publisher =	 {Addison-Wesley},
  year =	 {\noopsort{1968b}1973},
  volume =	 1,
  series =	 {The Art of Computer Programming},
  edition =	 {Second}
}

@Book{knuth73:_sortin_searc,
  language =	 {english},
  author =	 {Knuth, Donald E.},
  title =	 {Sorting and Searching},
  publisher =	 {Addison-Wesley},
  year =	 {\noopsort{1973a}1973},
  volume =	 3,
  series =	 {The Art of Computer Programming}
}

@Article{knuth74:_struct_progr_goto_statement,
  language =	 {english},
  author =	 {Knuth, Donald E.},
  title =	 {Structured Programming with \texttt{go to} Statements},
  journal =	 {ACM Computing Surveys},
  year =	 1974,
  volume =	 6,
  number =	 4,
  pages =	 {261-301},
  month =	 dec,
  doi =		 {10.1145/356635.356640},
  where =	 {http://cowboyprogramming.com/files/p261-knuth.pdf}
}

@Article{knuth75:_alpha_beta_pruning,
  language =	 {english},
  author =	 {Knuth, Donald E. and
		  Moore, Ronald W.},
  title =	 {An Analysis of Alpha-Beta Pruning},
  journal =	 {Artificial Intelligence},
  year =	 1975,
  volume =	 6,
  number =	 4,
  pages =	 {293-326},
  month =	 {Winter},
  doi =		 {10.1016/0004-3702(75)90019-3}
}

@Article{knuth76:_big_omicron_big_omega_big_theta,
  language =	 {english},
  author =	 {Knuth, Donald E.},
  title =	 {Big Omicron and Big Omega and Big Theta},
  journal =	 {ACM SIGACT News},
  year =	 1976,
  volume =	 8,
  number =	 2,
  pages =	 {18-24},
  month =	 apr,
  doi =		 {10.1145/1008328.1008329},
  where =	 {https://danluu.com/knuth-big-o.pdf}
}

@Article{knuth77:_fast_pattern_match_strings,
  language =	 {english},
  author =	 {Knuth, Donald E. and
		  Morris, James H. and
		  Pratt, Vaughan R.},
  title =	 {Fast Pattern Matching in Strings},
  journal =	 {SIAM Journal of Computing},
  year =	 1977,
  volume =	 6,
  number =	 2,
  pages =	 {323-350},
  doi =		 {10.1137/0206024}
}

@Article{knuth81:_breaking_paragraphs,
  language =	 {english},
  author =	 {Knuth, Donald E. and
		  Plass, Michael F.},
  title =	 {Breaking Paragraphs into Lines},
  journal =	 {Software -- Practice \& Experience},
  year =	 1981,
  volume =	 11,
  number =	 11,
  pages =	 {1119-1184},
  month =	 nov,
  doi =		 {10.1002/spe.4380111102},
  where =	 {http://www.eprg.org/G53DOC/pdfs/knuth-plass-breaking.pdf}
}

@Book{knuth81:_semin_algor,
  language =	 {english},
  author =	 {Knuth, Donald E.},
  title =	 {Seminumerical Algorithms},
  publisher =	 {Addison-Wesley},
  year =	 {\noopsort{1969b}1981},
  volume =	 2,
  series =	 {The Art of Computer Programming},
  edition =	 {Second}
}

@Article{knuth89:_short_proof_Darboux_lemma,
  language =	 {english},
  author =	 {Knuth, Donald E. and
		  Wilf, Herbert S.},
  title =	 {A Short Proof of {D}arboux's Lemma},
  journal =	 {Applied Mathematics Letters},
  year =	 1989,
  volume =	 2,
  number =	 2,
  pages =	 {139-140},
  doi =		 {10.1016/0893-9659(89)90007-4},
  where =	 {https://www.sciencedirect.com/science/article/pii/0893965989900074}
}

@Book{knuth96:_stable_marriage,
  language =	 {english},
  author =	 {Knuth, Donald E.},
  title =	 {Stable Marriage and Its Relation
		  to Other Combinatorial Problems},
  publisher =	 {The American Mathematical Society},
  year =	 1996,
  volume =	 10,
  series =	 {CRM Proceedings and Lecture Notes},
  edition =	 {Annotated},
  isbn10 =	 0821806033,
  isbn13 =	 {978-0821806036}
}

@Book{knuth97:_fundam_algor,
  language =	 {english},
  author =	 {Knuth, Donald E.},
  title =	 {Fundamental Algorithms},
  publisher =	 {Addison-Wesley},
  year =	 {\noopsort{1968c}1997},
  volume =	 1,
  series =	 {The Art of Computer Programming},
  edition =	 {Third}
}

@Book{knuth97:_semin_algor,
  language =	 {english},
  author =	 {Knuth, Donald E.},
  title =	 {Seminumerical Algorithms},
  publisher =	 {Addison-Wesley},
  year =	 {\noopsort{1969c}1997},
  volume =	 2,
  series =	 {The Art of Computer Programming},
  edition =	 {Third}
}

@Article{knuth98:_linear_probing_graphs,
  language =	 {english},
  author =	 {Knuth, Donald E.},
  title =	 {Linear Probing and Graphs},
  journal =	 {Algorithmica},
  year =	 1998,
  volume =	 22,
  number =	 4,
  pages =	 {561-568},
  month =	 dec,
  doi =		 {10.1007/PL00009240}
}

@Book{knuth98:_sortin_searc,
  language =	 {english},
  author =	 {Knuth, Donald E.},
  title =	 {Sorting and Searching},
  publisher =	 {Addison-Wesley},
  year =	 {\noopsort{1973b}1998},
  volume =	 3,
  edition =	 {Second},
  series =	 {The Art of Computer Programming}
}

@Book{korte06:_combinatorial_optim,
  language =	 {english},
  author =	 {Korte, Bernhard and
		  Vygen, Jens},
  title =	 {Combinatorial Optimization: Theory and Algorithms},
  publisher =	 {Springer},
  year =	 2006,
  volume =	 21,
  series =	 {Algorithms and Combinatorics},
  edition =	 {Third},
  isbn13 =	 {978-3-540-25684-7}
}

@Article{kozen94:_optim_bound_chang_makin_probl,
  language =	 {english},
  author =	 {Kozen, Dexter and
		  Zaks, Shmuel},
  title =	 {Optimal Bounds for the Change-Making Problem},
  journal =	 {Theoretical Computer Science},
  year =	 1994,
  volume =	 123,
  number =	 2,
  pages =	 {377-388},
  month =	 jan,
  doi =		 {10.1016/0304-3975(94)90134-1},
  where =	 {https://www.cs.cornell.edu/~kozen/Papers/change.pdf}
}

@MastersThesis{kraft49:_coding,
  language =	 {english},
  author =	 {Kraft, Leon G.},
  title =	 {A Device for Quantizing, Grouping,
		  and Coding Amplitude Modulated Pulses},
  school =	 {Electrical Engineering Department,
		  Massachussets Institute of Technology},
  year =	 1949,
  hdl =		 {1721.1/12390},
  where =	 {https://dspace.mit.edu/handle/1721.1/12390}
}

@InCollection{krause14:_submodular_survey,
  language =	 {english},
  author =	 {Krause, Andreas and
		  Golovin, Daniel},
  title =	 {Submodular Function Maximization},
  booktitle =	 {Tractability: Practical Approaches to Hard Problems},
  editor =	 {Bordeaux, Lucas and
		  Hamadi, Youssef and
		  Kohli, Pushmeet},
  publisher =	 {Cambridge University Press},
  year =	 2014,
  isbn10 =	 9781107025196,
  where =	 {https://las.inf.ethz.ch/files/krause12survey.pdf}
}

@Misc{kropholler15:_analysis_scratch,
  language =	 {english},
  author =	 {Kropholler, Peter H.},
  title =	 {Analysis from Scratch},
  howpublished = {\url{http://qmplus.qmul.ac.uk/pluginfile.php/284821/mod_resource/content/5/Analysis from Scratch.pdf}},
  year =	 2015,
  note =	 {Queen Mary University of London}
}

@Article{kruskal56:_MST,
  language =	 {english},
  author =	 {Kruskal, Joseph B.},
  title =	 {On the Shortest Spanning Subtree of a Graph
		  and the Travelling Salesman Problem},
  journal =	 {Proceedings of the American Mathematical Society},
  year =	 1956,
  volume =	 7,
  number =	 1,
  pages =	 {48-50},
  month =	 feb,
  where =	 {http://www.ams.org/journals/proc/1956-007-01/S0002-9939-1956-0078686-7/S0002-9939-1956-0078686-7.pdf}
}

@Article{kuhn55:_hungarian_method,
  language =	 {english},
  author =	 {Kuhn, H. W.},
  title =	 {The Hungarian Method for the Assignment Problem},
  journal =	 {Naval Research Logistics},
  year =	 1955,
  volume =	 2,
  number =	 1,
  pages =	 {83-97},
  month =	 mar,
  doi =		 {10.1002/nav.3800020109}
}

@Misc{kun14:_greedy_algo_good_enough,
  language =	 {english},
  author =	 {Kun, Jeremy},
  title =	 {When Greedy Algorithms are Good Enough:
		  Submodularity and the \((1 â€“ 1/\mathrm{e})\)-Approximation},
  howpublished = {\url{https://jeremykun.com/2014/07/07/when-greedy-algorithms-are-good-enough-submodularity-and-the-1-1e-approximation/}},
  month =	 jul,
  year =	 2014
}

@Book{kun18:_introd_math,
  language =	 {english},
  author =	 {Kun, Jeremy},
  title =	 {A Programmer's Introduction to Mathematics},
  publisher =	 {CreateSpace Independent Publishing Platform},
  year =	 2018,
  isbn10 =	 1727125452,
  isbn13 =	 {978-1727125450}
}

@InProceedings{kushagra14:_multi_pivot_quicksort,
  language =	 {english},
  author =	 {Kushagra, Shrinu and
		  L{\'o}pez-Ortiz, Alejandro and
		  Munro, J. Ian and
		  Qiao, Aurick},
  title =	 {Multi-Pivot Quicksort: Theory and Experiments},
  booktitle =	 {Proceedings of the
		  Meeting on Algorithm Engineering \& Expermiments,
		  ALENEX},
  pages =	 {47-60},
  year =	 2014,
  address =	 {Portland, OR, USA},
  month =	 jan,
  organization = {SIAM},
  doi =		 {10.1137/1.9781611973198.6},
  where =	 {http://epubs.siam.org/doi/pdf/10.1137/1.9781611973198.6}
}

@Article{lame44:_gcd,
  language =	 {french},
  author =	 {Lam{\'e}, Gabriel},
  title =	 {Note sur la limite du nombre des divisions
		  dans la recherche du plus grand commun diviseur
		  entre deux nombres entiers},
  journal =	 {Comptes Rendus de l'Acad{\'e}mie des Sciences},
  year =	 1844,
  volume =	 19,
  pages =	 {867-870}
}

@Book{lawler76:_combinatorial_optimization_matroids,
  language =	 {english},
  author =	 {Lawler, Eugene L.},
  title =	 {Combinatorial Optimization:
		  Networks and Matroids},
  publisher =	 {Holt, Rinehart and Winston},
  year =	 1976
}

@InProceedings{lawler77:_fast_approx_algor_knaps_probl,
  language =	 {english},
  author =	 {Lawler, Eugene L.},
  title =	 {Fast Approximation Algorithms for Knapsack Problems},
  booktitle =	 {18tn Annual Symposium on Foundations of Computer Science},
  year =	 1977,
  doi =		 {10.1109/SFCS.1977.11},
  where =	 {http://ieeexplore.ieee.org/stamp/stamp.jsp?arnumber=4567944}
}

@Article{lawler79:_fast_approx_algor_knaps_probl,
  language =	 {english},
  author =	 {Lawler, Eugene L.},
  title =	 {Fast Approximation Algorithms for Knapsack Problems},
  journal =	 {Mathematics of Operations Research},
  year =	 1979,
  volume =	 4,
  number =	 4,
  pages =	 {339-356},
  doi =		 {10.1287/moor.4.4.339}
}

@Misc{lehman16:_mathem_comput_scien,
  language =	 {english},
  author =	 {Lehman, Eric and
		  Leighton, F. Thomson and
		  Meyer, Albert R.},
  title =	 {Mathematics for {C}omputer {S}cience},
  howpublished = {\url{http://courses.csail.mit.edu/6.042/spring16/mcs.pdf}},
  month =	 feb,
  year =	 2016,
  note =	 {Massachussetts Institute of Technology}
}

@Misc{lehman16a:_mathem_comput_scien,
  language =	 {english},
  author =	 {Lehman, Eric and
		  Leighton, F. Thomson and
		  Meyer, Albert R.},
  title =	 {Mathematics for {C}omputer {S}cience},
  howpublished = {\url{http://courses.csail.mit.edu/6.042/spring16/mcs.pdf}},
  month =	 sep,
  year =	 2016,
  note =	 {Massachussetts Institute of Technology}
}

@Book{lehman17:_mathem_comput_scien,
  language =	 {english},
  author =	 {Lehman, Eric and
		  Leighton, F. Thomson and
		  Meyer, Albert R.},
  title =	 {Mathematics for {C}omputer {S}cience},
  publisher =	 {Samurai Media Limited},
  year =	 2017,
  isbn10 =	 9888407066,
  isbn13 =	 {978-9888407064}
}

@Misc{lehman17a:_mathem_comput_scien,
  language =	 {english},
  author =	 {Lehman, Eric and
		  Leighton, F. Thomson and
		  Meyer, Albert R.},
  title =	 {Mathematics for {C}omputer {S}cience},
  howpublished = {\url{http://courses.csail.mit.edu/6.042/fall17/mcs.pdf}},
  month =	 sep,
  year =	 2017,
  note =	 {Massachussetts Institute of Technology}
}

@Misc{lehman18:_mathem_comput_scien,
  language =	 {english},
  author =	 {Lehman, Eric and
		  Leighton, F. Thomson and
		  Meyer, Albert R.},
  title =	 {Mathematics for {C}omputer {S}cience},
  howpublished = {\url{http://courses.csail.mit.edu/6.042/spring18/mcs.pdf}},
  month =	 jun,
  year =	 2018,
  note =	 {Massachussetts Institute of Technology}
}

@Misc{leighton96:_notes_better_master_theo,
  language =	 {english},
  author =	 {Leighton, Tom},
  title =	 {Notes on Better Master Theorems
		  for Divide-and-Conquer Recurrences},
  howpublished = {\url{http://citeseer.ist.psu.edu/252350.html}},
  year =	 1996,
  doi =		 {10.1.1.39.1636}
}

@Misc{lemesurier97:_b15_numerical_analysis,
  language =	 {english},
  author =	 {LeMesurier, Brenton and
		  Roberts, Stephen G.},
  title =	 {Lecture Notes for {B}15 Numerical Analysis},
  howpublished = {\url{https://www.researchgate.net/publication/2246357_Lecture_Notes_For_Mathematics_B15_Numerical_Analysis}},
  month =	 nov,
  year =	 1997
}

@Article{lemire16:_faster_universal_hashing,
  language =	 {english},
  author =	 {Lemire, David and
		  Kaser, Owen},
  title =	 {Faster 64-bit Universal Hashing
		  Using Carry-Less Multiplications},
  journal =	 {Journal of Crypographic Engineering},
  year =	 2016,
  volume =	 6,
  number =	 3,
  pages =	 {171-185},
  month =	 sep,
  doi =		 {10.1007/s13389-015-0110-5},
  where =	 {https://arxiv.org/abs/1503.03465},
  code =	 {https://github.com/lemire/clhash}
}

@Book{lenz17:_perl6_fundamentals,
  language =	 {english},
  author =	 {Lenz, Moritz},
  title =	 {Perl 6 Fundamentals},
  publisher =	 {Apress},
  year =	 2017,
  isbn13 =	 {978-1-4842-2899-9},
  doi =		 {10.1007/978-1-4842-2899-9}
}

@Misc{leon08:_div_conq_recurr,
  language =	 {english},
  author =	 {Leon, Jeffrey S.},
  title =	 {Divide and Conquer Recurrences -- {T}he Master Theorem},
  howpublished = {\url{http://homepages.math.uic.edu/~leon/cs-mcs401-s08/handouts/master_theorem.pdf}},
  month =	 jan,
  year =	 2008,
  note =	 {Department of Mathematics, Statistics, and Computer Science,
		  University of Illinois at Chicago}
}

@Misc{leon08:_exten_master_theo,
  language =	 {english},
  author =	 {Leon, Jeffrey S.},
  title =	 {An Extension to the Master Theorem},
  howpublished = {\url{http://homepages.math.uic.edu/~leon/cs-mcs401-s08/handouts/extended_master_theorem.pdf}},
  month =	 jan,
  year =	 2008,
  note =	 {Department of Mathematics, Statistics, and Computer Science,
		  University of Illinois at Chicago}
}

@InProceedings{leskovec07:_cost_effective_outbreak_detection_networks,
  language =	 {english},
  author =	 {Leskovec, Jure and
		  Krause, Andreas and
		  Guestrin, Carlos and
		  Faloutsos, Christos and
		  VanBriesen, Jeanne and
		  Glance, Natalie},
  title =	 {Cost-Effective Outbreak Detection in Networks},
  booktitle =	 {Proceedings of the 13th ACM SIGKDD
		  International Conference on Knowledge Discovery
		  and Data Mining},
  pages =	 {420-429},
  year =	 2007,
  month =	 aug,
  doi =		 {10.1145/1281192.1281239},
  where =	 {https://www.cs.cmu.edu/~jure/pubs/detect-kdd07.pdf}
}

@Article{levenshtein66:_binar_codes_capab_correc_delet_inser_rever,
  language =	 {english},
  author =	 {Levenshtein, Vladimir I.},
  title =	 {Binary Codes Capable of Correcting Deletions,
		  Insertions, and Reversals},
  journal =	 {Soviet Physics Doklady},
  year =	 1966,
  volume =	 10,
  number =	 8,
  pages =	 {707-710},
  month =	 feb
}

@Misc{levin20:_descartes_rule_signs,
  language =	 {english},
  author =	 {Levin, Steward A.},
  title =	 {Descartes' Rule of Signs --- How Hard Can It Be?},
  howpublished = {\url{http://sepwww.stanford.edu/oldsep/stew/descartes.pdf}},
  month =	 jun,
  year =	 2020,
  note =	 {Originally from 2002}
}

@Misc{levy10:_introd_numer_analy,
  language =	 {english},
  author =	 {Levy, Doron},
  title =	 {Introduction to Numerical Analysis},
  howpublished = {\url{http://www.math.umd.edu/~dlevy/resources/na.pdf}},
  month =	 sep,
  year =	 2010,
  note =	 {Department of Mathematics,
		  University of Maryland}
}

@Misc{lewis08:_linear_programming,
  language =	 {english},
  author =	 {Lewis, Catherine},
  title =	 {Linear Programming: Theory and Applications},
  howpublished = {\url{https://www.whitman.edu/Documents/Academics/Mathematics/lewis.pdf}},
  month =	 may,
  year =	 2008,
  note =	 {Department of Mathematics,
		  Whitman College}
}

@Misc{liu06:_numerical_extrapolation,
  language =	 {english},
  author =	 {Liu, Eric Hung-Lin},
  title =	 {Fundamental Methods of Numerical Extrapolation
		  with Applications},
  howpublished = {\url{http://web.mit.edu/ehliu/Public/Spring2006/18.304/extrapolation.pdf}},
  year =	 2006,
  note =	 {MIT 18.304, Spring 2006}
}

@Misc{liu20:_first_semes_num_anal_python,
  language =	 {english},
  author =	 {Liu, Yaning},
  title =	 {First Semester in Numerical Analysis with {P}ython},
  howpublished = {\url{http://digital.auraria.edu/IR00000195/00001/citation}},
  month =	 aug,
  year =	 2020}

@Misc{lomont03:_fast_inverse_square_root,
  language =	 {english},
  author =	 {Lomont, Chris},
  title =	 {Fast Inverse Square Root},
  howpublished = {\url{http://www.lomont.org/Math/Papers/2003/InvSqrt.pdf}},
  month =	 feb,
  year =	 2003
}

@Misc{lotz16:_numerical_analysis,
  language =	 {english},
  author =	 {Lotz, Martin},
  title =	 {Numerical Analysis 1},
  howpublished = {\url{http://www.maths.manchester.ac.uk/~mlotz/teaching/math20602/notes/numerical.pdf}},
  month =	 may,
  year =	 2016,
  note =	 {School of Mathematics,
		  University of Manchester}
}

@TechReport{lueker75:_two_probl_nonneg_integ_progr,
  language =	 {english},
  author =	 {Lueker, G. S.},
  title =	 {Two {\NP}-complete Problems
		  in Nonnegative Integer Programming},
  institution =	 {Princeton University,
		  Department of Computer Science },
  year =	 1975,
  number =	 {TR-178},
  month =	 mar
}

@Misc{lumbroso12:_gentle_intro_analy_combin,
  language =	 {english},
  author =	 {Lumbroso, J{\'e}r{\'e}mie and
		  Morcrette, Basile},
  title =	 {A Gentle Introduction to Analytic Combinatorics},
  howpublished = {\url{http://lipn.univ-paris13.fr/~nicodeme/nablus14/nafiles/gentle.pdf}},
  month =	 sep,
  year =	 2012
}

@Misc{macdonald00:_file_system_suppor_delta_compr,
  language =	 {english},
  author =	 {MacDonald, Joshua P.},
  title =	 {File System Support for Delta Compression},
  howpublished = {\url{http://www.xmailserver.org/xdfs.pdf}},
  year =	 2000
}

@Misc{macdonald16:_xdelta,
  language =	 {english},
  author =	 {MacDonald, Joshua P.},
  title =	 {xdelta:
		  Open-Source Binary Diff, Differential Compression Tools},
  howpublished = {\url{http://xdelta.org}},
  month =	 jan,
  year =	 2016,
  note =	 {Version 3.0.11}
}

@Book{mackay03:_infor_theor_infer_learn_algo,
  language =	 {english},
  author =	 {MacKay, David J. C.},
  title =	 {Information Theory, Inference, and Learning Algorithms},
  publisher =	 {Cambridge University Press},
  year =	 2003,
  isbn10 =	 9780521642989,
  where =	 {http://www.inference.org.uk/itprnn/book.html}
}

@Misc{maheshwari17:_intro_theo_computation,
  language =	 {english},
  author =	 {Maheshwari, Anil and
		  Smid, Michiel},
  title =	 {Introduction to the Theory of Computation},
  howpublished = {\url{http://cglab.ca/~michiel/TheoryOfComputation/TheoryOfComputation.pdf}},
  month =	 mar,
  year =	 2017,
  note =	 {Computational Geometry Lab}
}

@Book{mahmoud00:_sorting,
  language =	 {english},
  author =	 {Mahmoud, Hosam M.},
  title =	 {Sorting: A Distribution Theory},
  publisher =	 {Wiley-Interscience},
  year =	 2000,
  number =	 54,
  series =	 {Wiley Series in Discrete Mathematics and Optimization},
  isbn10 =	 0471327107,
  isbn13 =	 {978-0471327103}
}

@Misc{makhorin07:_gnu_marst_2.6_guide,
  language =	 {english},
  author =	 {Makhorin, Andrew},
  title =	 {{GNU} {M}arst {U}ser's Guide for Version 2.6},
  howpublished = {\url{https://www.gtoal.com/languages/algol60/marst-2.6/doc/marst.pdf}},
  month =	 nov,
  year =	 2007
}

@Misc{makhorin13:_gnu_marst_2.7_guide,
  language =	 {english},
  author =	 {Makhorin, Andrew},
  title =	 {{GNU} {M}arst {U}ser's Guide for Version 2.7},
  howpublished = {\url{https://www.gnu.org/software/marst}},
  month =	 mar,
  year =	 2013
}

@Misc{malham05:_intro_asymp_analysis,
  language =	 {english},
  author =	 {Malham, Simon J. A.},
  title =	 {An Introduction to Asymptotic Analysis},
  howpublished = {\url{http://www.macs.hw.ac.uk/~simonm/ae.pdf}},
  month =	 nov,
  year =	 2005,
  note =	 {School of Mathematical and Computer Sciences,
		  Heriot Watt University}
}

@PhdThesis{mares08:_graph_algorithms,
  language =	 {english},
  author =	 {Mare{\v s}, Martin},
  title =	 {Graph Algorithms},
  school =	 {Department of Applied Mathematics,
		  Faculty of Mathematics and Physics,
		  Charles University in Prague},
  year =	 2008,
  where =	 {git://git.ucw.cz/saga.git}
}

@Article{mares08:_saga_mst,
  language =	 {english},
  author =	 {Mare{\v s}, Martin},
  title =	 {The Saga of Minimal Spanning Trees},
  journal =	 {Computer Science Review},
  year =	 2008,
  volume =	 2,
  number =	 3,
  pages =	 {165-221},
  month =	 dec,
  doi =		 {10.1016/j.cosrev.2008.10.002}
}

@Article{martinez00:_pract_quasi_newton_method_solving_nonlin_system,
  language =	 {english},
  author =	 {Mart{\'\i}nez, Jos{\'e} Mario},
  title =	 {Practical Quasi-{N}ewton Methods
		  for Solving Nonlinear Systems},
  journal =	 {Journal of Computational and Applied Mathematics},
  year =	 2000,
  volume =	 124,
  number =	 {1-2},
  pages =	 {97-121},
  month =	 dec,
  doi =		 {10.1016/S0377-0427(00)00434-9}
}

@Article{martinez98:_random_binar_searc_trees,
  language =	 {english},
  author =	 {Mart{\'{\i}}nez, Conrado and
		  Roura, Salvador},
  title =	 {Randomized Binary Search Trees},
  journal =	 {Journal of the ACM},
  year =	 1998,
  volume =	 45,
  number =	 2,
  pages =	 {288-323},
  month =	 mar
}

@Misc{mate04:_intro_numerical_analysis_c,
  language =	 {english},
  author =	 {M{\'a}t{\'e}, Attila},
  title =	 {Introduction to Numerical Analysis with {C} Programs},
  howpublished = {\url{http://www.sci.brooklyn.cuny.edu/~mate/nml/numanal.pdf}},
  month =	 jul,
  year =	 2004,
  note =	 {Brooklyn College,
		  City University of New York}}

@Misc{matousek08:_probabilistic_method,
  language =	 {english},
  author =	 {Matou{\v s}ek, Jiri and
		  Vondr{\'a}k, Jan},
  title =	 {The Probabilistic Method: Lecture Notes},
  howpublished = {http://wayback.archive.org/web/20120205002452/http://kam.mff.cuni.cz/~matousek/prob-ln-2pp.ps.gz },
  month =	 mar,
  year =	 2008,
  note =	 {Department of Applied Mathematics,
		  Charles University, Prague}
}

@Misc{maxima18:_5.42.1,
  language =	 {english},
  key =		 {maxima},
  title =	 {Maxima, a Computer Algebra System},
  howpublished = {\url{http://maxima.sourceforge.net}},
  month =	 oct,
  year =	 2018,
  note =	 {Version 5.42.1}
}

@Misc{maxima19:_5.43.0,
  language =	 {english},
  key =		 {maxima},
  title =	 {Maxima, a Computer Algebra System},
  howpublished = {\url{http://maxima.sourceforge.net}},
  month =	 may,
  year =	 2019,
  note =	 {Version 5.43.0}
}

@Misc{maxima20:_5.44.0,
  language =	 {english},
  key =		 {maxima},
  title =	 {Maxima, a Computer Algebra System},
  howpublished = {\url{http://maxima.sourceforge.net}},
  month =	 jun,
  year =	 2020,
  note =	 {Version 5.44.0}
}

@InCollection{mccormick05:_submodular_function_minimization,
  language =	 {english},
  author =	 {McCormick, S. Thomas},
  title =	 {Submodular Function Minimization},
  booktitle =	 {Handbooks in Operations Research and Management Science},
  editor =	 {Aardal, K. and
		  Nemhauser, G. L. and
		  Weismantel, R.},
  publisher =	 {Elsevier},
  year =	 2005,
  volume =	 12,
  pages =	 {321-391},
  doi =		 {10.1016/S0927-0507(05)12007-6}
}

@Article{mcdougall14:_simple_modif_newton_method,
  language =	 {english},
  author =	 {McDougall, Trevor J. and
		  Wotherspoon, Simon J.},
  title =	 {A Simple Modification of {N}ewton's Method
		  to Achieve Convergence of Order \(1 + \sqrt{2}\)},
  journal =	 {Applied Mathematics Letters},
  year =	 2014,
  volume =	 29,
  number =	 {Supplement C},
  pages =	 {20-25},
  month =	 mar,
  doi =		 {10.1016/j.aml.2013.10.008}
}

@Misc{mcguire12:_no_16-clue_sudoku,
  language =	 {english},
  author =	 {McGuire, Gary and
		  Tugemann, Bastian and
		  Civario, Gilles},
  title =	 {There is no 16-Clue {S}udoku:
		  Solving the {S}udoku Minimum Number of Clues Problem},
  howpublished = {\url{http://arxiv.org/abs/1201.0749}},
  month =	 Sep,
  year =	 2012
}

@Article{mcguire14:_no_16_clue_sudoku,
  language =	 {english},
  author =	 {McGuire, Gary and
		  Tugemann, Bastian and
		  Civario, Gilles},
  title =	 {There is no 16-Clue {S}udoku:
		  Solving the {S}udoku Minimum Number of Clues Problem
		  via Hitting Set Generation},
  journal =	 {Experimental Mathematics},
  year =	 2014,
  volume =	 23,
  number =	 2,
  pages =	 {190-217},
  doi =		 {10.1080/10586458.2013.870056}
}

@Article{mcillroy99:_killer_adver_quicksort,
  language =	 {english},
  author =	 {McIllroy, M. Douglas},
  title =	 {A Killer Adversary for {Q}uicksort},
  journal =	 {Software: Practice and Experience},
  year =	 1999,
  volume =	 29,
  number =	 4,
  pages =	 {341-344},
  month =	 apr,
  doi =		 {10.1002/(SICI)1097-024X(19990410)29:4<341::AID-SPE237>3.3.CO;2-I},
  where =	 {https://www.cs.dartmouth.edu/~doug/mdmspe.pdf}
}

@Article{mckenzie90:_select_hashing_function,
  language =	 {english},
  author =	 {McKenzie, Bruce J. and
		  Harries, R. and
		  Bell, Timothy C.},
  title =	 {Selecting a Hashing Function},
  journal =	 {Software --- Practice and Experience},
  year =	 1990,
  volume =	 20,
  number =	 2,
  pages =	 {209-224},
  month =	 feb,
  doi =		 {10.1002/spe.4380200207}
}

@Article{mcmillan56:_two_inequalities,
  language =	 {english},
  author =	 {McMillan, Brockway},
  title =	 {Two Inequalities Implied by Unique Decipherability},
  journal =	 {IEEE Transactions on Information Theory},
  year =	 1956,
  volume =	 2,
  number =	 4,
  pages =	 {115-116},
  month =	 dec,
  doi =		 {10.1109/TIT.1956.1056818}
}

@Book{melhorn08:_data_struct_alg,
  language =	 {english},
  author =	 {Melhorn, Kurt and
		  Sanders, Peter},
  title =	 {Data Structures and Algorithms},
  publisher =	 {Springer},
  year =	 2008,
  where =	 {https://people.mpi-inf.mpg.de/~mehlhorn/Toolbox.html}
}

@Article{michie68:_memoization,
  language =	 {english},
  author =	 {Michie, Donald},
  title =	 {'Memo' Functions and Machine Learning},
  journal =	 {Nature},
  year =	 1968,
  volume =	 218,
  pages =	 {19-22},
  month =	 apr,
  doi =		 {10.1038%2F218019a0},
  where =	 {https://www.nature.com/articles/218019a0}
}

@Article{miller76:_Riemann_hypot_tests_primality,
  language =	 {english},
  author =	 {Miller, Gary L.},
  title =	 {Riemann's Hypothesis and Tests for Primality},
  journal =	 {Journal of Computer and System Sciences},
  year =	 1976,
  volume =	 13,
  number =	 3,
  pages =	 {300-317},
  month =	 dec,
  doi =		 {10.1145/800116.803773}
}

@Article{miller85:_file_compar_progr,
  language =	 {english},
  author =	 {Miller, Webb and
		  Myers, Eugene W.},
  title =	 {A File Comparison Program},
  journal =	 {Software -- Practice \& Experience},
  year =	 1985,
  volume =	 15,
  number =	 11,
  pages =	 {1025-1040},
  month =	 nov,
  doi =		 {10.1.1.189.70},
  where =	 {http://citeseerx.ist.psu.edu/viewdoc/download?doi=10.1.1.189.70&rep=rep1&type=pdf}
}

@InCollection{minoux78:_accel_greed_algor_maxim_submod_set_funct,
  language =	 {english},
  author =	 {Minoux, Michel},
  title =	 {Accelerated Greedy Algorithms
		  for Maximizing Submodular Set Functions},
  booktitle =	 {Optimization Techniques},
  pages =	 {234-243},
  publisher =	 {Springer},
  year =	 1978,
  editor =	 {Stoer, J.},
  volume =	 7,
  series =	 {Lecture Notes in Control and Information Sciences},
  doi =		 {10.1007/BFb0006528}
}

@InCollection{mitzenmacher01:_power_two_random_choic,
  language =	 {english},
  author =	 {Mitzenmacher, Michael David and
		  Richa, Andr{\'e}a W. and
		  Sitaraman, Ramesh},
  title =	 {The Power of Two Random Choices:
		  A Survey of Techniques and Results},
  booktitle =	 {Handbook of Randomized Computing},
  pages =	 {255-312},
  publisher =	 {Kluwer Academic Publishers},
  year =	 2001,
  editor =	 {Rajasekaran, Sanguthevar and
		  Pardalos, Panos M. and
		  Reif, John H. and
		  Rolim, Jos{\'e}},
  volume =	 {I},
  where =	 {https://www.eecs.harvard.edu/~michaelm/postscripts/handbook2001.pdf}
}

@PhdThesis{mitzenmacher96:_power_two_choic_random_load_balan,
  language =	 {english},
  author =	 {Mitzenmacher, Michael David},
  title =	 {The Power of Two Choices in Randomized Load Balancing},
  school =	 {Computer Science, University of California at Berkeley},
  year =	 1996,
  month =	 {Fall},
  where =	 {https://www.eecs.harvard.edu/~michaelm/postscripts/mythesis.pdf}
}

@Book{morin13:_open_data_struct,
  language =	 {english},
  author =	 {Morin, Pat},
  title =	 {Open Data Structures: An Introdution},
  publisher =	 {UBC Press},
  year =	 2013,
  series =	 {Open Paths to Enriched Learning},
  isbn10 =	 1927356385,
  isbn13 =	 {978-1927356388}
}

@Misc{morin14:_open_data_struct_c++,
  language =	 {english},
  author =	 {Morin, Pat},
  title =	 {Open Data Structures (in {C++})},
  howpublished = {\url{http://opendatastructures.org}},
  note =	 {Edition 0.1G\(\beta\)},
  year =	 2014
}

@Book{motwani95:_randomized_algorithms,
  language =	 {english},
  author =	 {Motwani, Rajeev and
		  Raghavan, Prabhakar},
  title =	 {Randomized Algorithms},
  publisher =	 {Cambridge University Press},
  year =	 1995,
  isbn10 =	 0521474655,
  isbn13 =	 {978-0521474658}
}

@Article{motwani96:_randomized_algor,
  language =	 {english},
  author =	 {Motwani, Rajeev and
		  Raghavan, Prabhakar},
  title =	 {Randomized Algorithms},
  journal =	 {ACM Computing Surveys},
  year =	 1996,
  volume =	 28,
  number =	 1,
  pages =	 {33-37},
  month =	 mar,
  doi =		 {10.1145/234313.234327}
}

@Misc{mount03:_cmsc451,
  language =	 {english},
  author =	 {Mount, David M.},
  title =	 {{CMSC}~451: Design and Analysis of Computer Algorithms},
  howpublished = {\url{https://www.cs.umd.edu/~mount/451/Lects/451lects.pdf}},
  month =	 {Fall},
  year =	 2003,
  note =	 {Department of Computer Science,
		  University of Maryland}
}

@Misc{mueller19:_xor_filters,
  language =	 {english},
  author =	 {Mueller Graf, Thomas and
		  Lemire, Daniel},
  title =	 {{XOR}-Filters:
		  Faster and Smaller than {B}loom and {C}uckoo Filters},
  howpublished = {\url{https://arxiv.org/abs/1912.08258}},
  month =	 dec,
  year =	 2019
}

@Book{muller10:_handb_float_point_arith,
  language =	 {english},
  author =	 {Muller, Jean-Michel and
		  Brisebarre, Nicolas and
		  Dinechin, Florent di and
		  Jeannerod, Claude-Pierre and
		  Joldes, Mioara and
		  Lef{\`e}vre, Vincent and
		  Melquiond, Guillaume and
		  Revol, Natalie and
		  Stehl{\'e}, Damien and
		  Torres, Serge},
  title =	 {Handbook of Floating-Point Arithmetic},
  publisher =	 {Birkh{\"a}user},
  year =	 2010,
  isbn13 =	 {978-0-8176-4704-9},
  doi =		 {10.1007/978-0-8176-4705-6},
  where =	 {https://link-springer-com.usm.idm.oclc.org/content/pdf/10.1007%2F978-0-8176-4705-6.pdf}
}

@Book{muller18:_handb_float_point_arith,
  language =	 {english},
  author =	 {Muller, Jean-Michel and
		  Brisebarre, Nicolas and
		  Dinechin, Florent di and
		  Jeannerod, Claude-Pierre and
		  Joldes, Mioara and
		  Lef{\`e}vre, Vincent and
		  Melquiond, Guillaume and
		  Revol, Natalie and
		  Torres, Serge},
  title =	 {Handbook of Floating-Point Arithmetic},
  publisher =	 {Birkh{\"a}user},
  year =	 2018,
  edition =	 {Second},
  isbn13 =	 {978-3-319-76525-9},
  doi =		 {10.1007/978-3-319-76525-9}
}

@Article{muller56:_method_solvin_algeb_equat_using_autom_comput,
  language =	 {english},
  author =	 {Muller, David E.},
  title =	 {A Method for Solving Algebraic Equations
		  Using an Automatic Computer},
  journal =	 {Mathematical Tables and Other Aids to Computation},
  year =	 1956,
  volume =	 10,
  number =	 56,
  pages =	 {208-215},
  month =	 oct,
  doi =		 {10.2307/2001916},
  where =	 {http://www.jstor.org/stable/2001916}
}

@InProceedings{munro96:_pivot_strat_quicksort,
  language =	 {english},
  author =	 {Munro, J. Ian and
		  Ji, X. Richard},
  title =	 {On the Pivot Strategy of {Q}uicksort},
  booktitle =	 {Canadian Conference on
		  Electrical and Computer Engineering},
  year =	 1996,
  address =	 {Calgary, Alberta, Canada, Canada},
  month =	 may,
  doi =		 {10.1109/CCECE.1996.548097}
}

@Article{musser97:_introsort,
  language =	 {english},
  author =	 {Musser, David},
  title =	 {Introspective Sorting and Selection Algorithms},
  journal =	 {Software: Practice and Experience},
  year =	 1997,
  volume =	 27,
  number =	 8,
  pages =	 {983-993},
  month =	 aug,
 doi =		 {10.1002/(SICI)1097-024X(199708)27:8<983::AID-SPE117>3.0.CO;2-%23},
  where =	 {http://www.cs.rpi.edu/~musser/gp/introsort.ps}
}

@Article{myers86:_O_n_d_differ_algor_its_variat,
  language =	 {english},
  author =	 {Myers, Eugene W.},
  title =	 {An \({O(N D)}\) Difference Algorithm and Its Variations},
  journal =	 {Algorithmica},
  year =	 1986,
  volume =	 1,
  number =	 {1-4},
  pages =	 {251-266},
  month =	 nov,
  doi =		 {10.1007/BF01840446},
  where =	 {http://www.xmailserver.org/diff2.pdf}
}

@Misc{nagy12:_brief_notes_conditioning_stability_finite_precis_arith,
  language =	 {english},
  author =	 {Nagy, James G.},
  title =	 {Brief Notes on Conditioning, Stability
		  and Finite Precision Arithmetic},
  howpublished = {\url{http://www.mathcs.emory.edu/~nagy/courses/fall12/515/Conditioning_and_FLOPS.pdf}},
  month =	 {Fall},
  year =	 2012,
  note =	 {Department of Mathematics and Computer Science,
		  Emory College}
}

@Article{nakatsu82:_longes_common_subseq_algor_suitab,
  language =	 {english},
  author =	 {Nakatsu, Narao and
		  Kabayashi, Yahiko and
		  Yajima, Shuzo},
  title =	 {A Longest Common Subsequence Algorithm
		  Suitable for Similar Text Strings},
  journal =	 {Acta Informatica},
  year =	 1982,
  volume =	 18,
  number =	 2,
  pages =	 {171-179},
  month =	 nov,
  doi =		 {10.1007/BF00264437}
}

@Article{navarro01:_guided_tour_approx_strin_match,
  language =	 {english},
  author =	 {Navarro, Gonzalo},
  title =	 {A Guided Tour to Approximate String Matching},
  journal =	 {ACM Computing Surveys},
  year =	 2001,
  volume =	 33,
  number =	 1,
  pages =	 {31-88},
  month =	 mar,
  doi =		 {10.1145/375360.375365.}
}

@Misc{nelson14:_advanced_algorithms,
  language =	 {english},
  author =	 {Nelson, Jelani},
  title =	 {{CS} 224: Advanced Algorithms},
  howpublished = {\url{http://people.seas.harvard.edu/~minilek/cs224/fall14/lec.html}},
  month =	 {Fall},
  year =	 2014,
  note =	 {Department of Computer Science,
		  Harvard University}
}

@Misc{nelson17:_advanced_algorithms,
  language =	 {english},
  author =	 {Nelson, Jelani},
  title =	 {{CS} 224: Advanced Algorithms},
  howpublished = {\url{http://people.seas.harvard.edu/~cs224/spring17/lec.html}},
  month =	 {Spring},
  year =	 2017,
  note =	 {Department of Computer Science,
		  Harvard University}
}

@Article{nesetril12:_origin_mst_algorithms,
  language =	 {english},
  author =	 {Ne{\v s}et{\v r}il, Jaroslav and
		  Ne{\v s}et{\v r}ilov{\'a}, Helena},
  title =	 {The Origins of Minimal Spanning Tree Algorithms --
		  {B}or{\r u}vka and {J}arn{\'\i}k},
  journal =	 {Documenta Mathematica},
  year =	 2012,
  volume =	 {Extra Volume: ISMP},
  pages =	 {127-141},
  where =	 {https://www.math.uni-bielefeld.de/documenta/vol-ismp/30_nesetril-nesetrilova.pdf}
}

@Book{nijenhuis78:_combinatorial_algorithms,
  language =	 {english},
  author =	 {Nijenhuis, Albert and
		  Wilf, Herbert S.},
  title =	 {Combinatorial Algorithms
		  for Computers and Calculators},
  publisher =	 {Academic Press},
  year =	 1978,
  series =	 {Computer Science and Applied Mathematics},
  edition =	 {Second},
  where =	 {https://www2.math.upenn.edu/~wilf/website/CombinatorialAlgorithms.pdf}
}

@Misc{norvig:_sudoku,
  language =	 {english},
  author =	 {Norvig, Peter},
  title =	 {Solving Every {S}udoku Puzzle},
  howpublished = {\url{http://norvig.com/sudoku.html}}
}

@InCollection{odlyzko96:_asymp_enumer_method,
  language =	 {english},
  author =	 {Odlyzko, A. M.},
  title =	 {Asymptotic Enumeration Methods},
  booktitle =	 {Handbook of Combinatorics},
  pages =	 {1063-1229},
  publisher =	 {MIT Press},
  year =	 1996,
  editor =	 {Graham, R. L. and
		  Gr{\"o}tschel, M. and
		  Lov{\'a}sz, L.},
  volume =	 2,
  where =	 {http://www.dtc.umn.edu/~odlyzko/doc/asymptotic.enum.pdf}
}

@Misc{odonnell09:_probability_computing,
  language =	 {english},
  author =	 {O'Donnell, Ryan},
  title =	 {Probability and Computing},
  howpublished = {\url{https://www.cs.cmu.edu/~odonnell/papers/probability-and-computing-lecture-notes.pdf}},
  year =	 2009,
  note =	 {Notes for 15-359,
		  Computer Science Department,
		  Carnegie Mellon University}
}

@Misc{olver08:_ln_numerical_analysis,
  language =	 {english},
  author =	 {Olver, Peter J.},
  title =	 {Lecture Notes on Numerical Analysis},
  howpublished = {\url{http://math.umn.edu/~olver/num.html}},
  month =	 may,
  year =	 2008,
  note =	 {School of Mathematics,
		  University of Minnesota}
}

@TechReport{oneill14:_pcg,
   language =	 {english},
   title =	 {{PCG}: A Family of Simple Fast Space-Efficient
		  Statistically Good Algorithms for Random Number Generation},
  author =	 {O'Neill, Melissa E.},
  institution =	 {Harvey Mudd College},
  address =	 {Claremont, CA},
  number =	 {HMC-CS-2014-0905},
  year =	 2014,
  month =	 sep,
  where =	 {https://www.cs.hmc.edu/tr/hmc-cs-2014-0905.pdf}
}

@Book{oram07:_beautiful_code,
  language =	 {english},
  editor =	 {Oram, Andy and
		  Wilson, Greg},
  title =	 {Beautiful Code:
		  Leading Programmers Explain How They Think},
  publisher =	 {O'Reilly},
  year =	 2007,
  series =	 {Theory in Practice},
  isbn10 =	 {0-596-51004-7},
  isbn13 =	 {978-0-596-51004-6}
}

@Book{ottman11:_algorithmen_datenstrukturen,
  language =	 {german},
  author =	 {Ottman, Thomas and
		  Widmayer, Peter},
  title =	 {Algorithmen und Datenstruckturen},
  publisher =	 {Spektrum Akademischer Verlag},
  year =	 2011,
  edition =	 {F\"unfte},
  isbn13 =	 {978-3827428035}
}

@Article{oxley03:_matroids,
  language =	 {english},
  author =	 {Oxley, James},
  title =	 {What is a Matroid?},
  journal =	 {Cubo},
  year =	 2003,
  volume =	 5,
  number =	 3,
  pages =	 {179-218},
  month =	 oct
}

@Misc{oxley14:_matroids,
  language =	 {english},
  author =	 {Oxley, James},
  title =	 {What is a Matroid?},
  howpublished = {\url{https://www.math.lsu.edu/~oxley/survey4.pdf}},
  month =	 oct,
  year =	 2014
}

@Misc{pagh06:_cuckoo_hashing_undergrad,
  language =	 {english},
  author =	 {Pagh, Rasmus},
  title =	 {Cuckoo Hashing for Undergraduates},
  howpublished = {\url{http://www.it-c.dk/people/pagh/papers/cuckoo-undergrad.pdf}},
  month =	 mar,
  year =	 2006,
  note =	 {IT-Universitetet, K{\o}benhavn}
}

@Article{pankiewicz68:_algorithm_337,
  language =	 {english},
  author =	 {Pankiewicz, W.},
  title =	 {Algorithm 337: {C}alculation of a Polynomial
				 and its Derivative Values by
				 {H}orner's Scheme},
  journal =	 {Communications of the ACM},
  year =	 1968,
  volume =	 11,
  number =	 9,
  pages =	 633,
  month =	 sep
}

@Misc{parberry02:_probl_algor,
  language =	 {english},
  author =	 {Parberry, Ian and
		  Gasarch, William},
  title =	 {Problems on Algorithms},
  howpublished = {\url{https://larc.unt.edu/ian/books/free/poa.pdf}},
  month =	 jul,
  year =	 2002,
  note =	 {Laboratory for Recreational Computing,
		  University of North Texas}
}

@Article{pearl82:_branch_factor_alpha_beta,
  language =	 {english},
  author =	 {Pearl, Judea},
  title =	 {The Solution for the Branching Factor
		  of the Alpha-Beta Pruning Algorithm
		  and It's Optimality},
  journal =	 {Communications of the ACM},
  year =	 1982,
  volume =	 25,
  number =	 8,
  pages =	 {559-564},
  month =	 aug,
  doi =		 {10.1145/358589.358616}
}

@Book{pearl84:_heuristics,
  language =	 {english},
  author =	 {Pearl, Judea},
  title =	 {Heuristics:
		  Intelligent Search Strategies for Computer Problem Solving},
  publisher =	 {Addison-Wesley},
  year =	 1984,
  series =	 {Addison Wesley Series in Artificial Intelligence},
  isbn10 =	 0201055945,
  isbn13 =	 {978-0201055948}
}

@Article{pearson05:_polynomial_algorithm_change_making,
  language =	 {english},
  author =	 {Pearson, David},
  title =	 {A Polynomial-time Algorithm for the Change-Making Problem},
  journal =	 {Operation Research Letters},
  year =	 2005,
  volume =	 33,
  number =	 3,
  pages =	 {231-234},
  month =	 may,
  where =	 {https://www.sciencedirect.com/science/article/pii/S0167637704000823}
}

@TechReport{pearson94:_polynomial_algorithm_change_making,
  language =	 {english},
  author =	 {Pearson, David},
  title =	 {A Polynomial-time Algorithm for the Change-Making Problem},
  institution =	 {Department of Computer Science,
		  Cornell University},
  year =	 1994,
  number =	 {TR94-1433},
  where =	 {https://hdl.handle.net/1813/6219}
}

@Misc{pernarowski13:_intro_asymptotics,
  language =	 {english},
  author =	 {Pernarowski, Mark},
  title =	 {An Introduction to Asymptotics},
  howpublished = {\url{https://math.montana.edu/pernarow/m560/Notes/Asymptotics.pdf}},
  year	       = 2013,
  note =	 {Math 560/561, Applied Math I/II,
		  Department of Mathematical Sciences,
		  Montana State University}}

@Article{peter34:_konstruktion_nichtrekursiver_funktionen,
  language =	 {german},
  author =	 {P{\'e}ter, R{\'o}zsa},
  title =	 {Konstruktion nichtrekursiver Funktionen},
  journal =	 {Mathematische Annalen},
  year =	 1934,
  volume =	 111,
  number =	 1,
  pages =	 {42-60},
  month =	 oct
}

@Article{peterson57:_addressing_random_access_storage,
  language =	 {english},
  author =	 {Peterson, Wesley Wesley},
  title =	 {Addressing for Random-Access Storage},
  journal =	 {IBM Journal of Research and Development},
  year =	 1957,
  volume =	 1,
  number =	 2,
  pages =	 {130-146},
  month =	 apr,
  doi =		 {10.1147/rd.12.0130}
}

@Article{peterson61:_CRC,
  language =	 {english},
  author =	 {Peterson, W. W. and
		  Brown, D. T.},
  title =	 {Cyclic Codes for Error Detection},
  journal =	 {Proceedings of the IRE},
  year =	 1961,
  key =		 1961,
  volume =	 49,
  number =	 1,
  pages =	 {228-235},
  month =	 jan,
  doi =		 {10.1109/JRPROC.1961.287814}
}

@InProceedings{pettie05:_towards_final_anal_pairing_heaps,
  language =	 {english},
  author =	 {Pettie, Seth},
  title =	 {Towards a Final Analysis of Pairing Heaps},
  booktitle =	 {\(46^{\mathrm{th}}\) Annual IEEE Symposium
		  on Foundations of Computer Science},
  year =	 2005,
  pages =	 {174-183},
  month =	 oct,
  where =	 {http://web.eecs.umich.edu/~pettie/papers/focs05.pdf}
}

@Misc{philip22:_num_math_i,
  language =	 {english},
  author =	 {Philip, Peter},
  title =	 {Numerical Mathematics {I}},
  howpublished = {\url{https://www.ams.org/open-math-notes/omn-contact-author?listingId=111317}},
  month =	 apr,
  year =	 2022,
  note =	 {Mathematisches Institut,
		  Ludwig-Maximilians-Universit{\"a}t M{\"u}nchen}
}

@Misc{philip22:_num_math_ii,
  language =	 {english},
  author =	 {Philip, Peter},
  title =	 {Numerical Mathematics {II}},
  howpublished = {\url{https://www.ams.org/open-math-notes/omn-contact-author?listingId=111342}},
  month =	 oct,
  year =	 2022,
  note =	 {Mathematisches Institut,
		  Ludwig-Maximilians-Universit{\"a}t M{\"u}nchen}
}

@InProceedings{plavec07:_digital_search_trees,
  language =	 {english},
  author =	 {Plavec, Franjo and
		  Vranesic, Zvonko G. and
		  Brown, Stephen Dean},
  title =	 {On {D}igital {S}earch {T}rees
		  -- {A} Simple Method for Constructing Balanced Binary Trees},
  booktitle =	 {ICSOFT},
  year =	 2007,
  where =	 {http://www.eecg.toronto.edu/~brown/papers/digital-franjo.pdf}
}

@Book{press07:_numerical_recipes,
  language =	 {english},
  author =	 {Press, William H. and
		  Teulkolsky, Saul A. and
		  Vetterling, William T. and
		  Flannery, Brian P.},
  title =	 {Numerical Recipes: The Art of Scientific Computing},
  publisher =	 {Cambridge University Press},
  year =	 2007,
  edition =	 {Third},
  isbn10 =	 0521880688,
  isbn13 =	 {978-0521880688},
  where =	 {http://numerical.recipes}
}

@Article{prim57:_MST,
  language =	 {english},
  author =	 {Prim, Robert C.},
  title =	 {Shortest Connection Networks and Some Generalizations},
  journal =	 {Bell System Technical Journal},
  year =	 1957,
  volume =	 36,
  number =	 6,
  pages =	 {1389-1401},
  month =	 nov,
  doi =		 {10.1002/j.1538-7305.1957.tb01515}
}

@Article{pugh90:_skip_lists,
  language =	 {english},
  author =	 {Pugh, William},
  title =	 {Skip {L}ists: A Probabilistic Alternative to Balanced Trees},
  journal =	 {Communications of the ACM},
  year =	 1990,
  volume =	 33,
  number =	 6,
  pages =	 {668-676},
  month =	 jun,
  doi =		 {10.1145/78973.78977},
  where =	 {ftp://ftp.cs.umd.edu/pub/skipLists/skiplists.pdf}
}

@Article{rabin80:_probab_algor_test_primality,
  language =	 {english},
  author =	 {Rabin, Michael O.},
  title =	 {Probabilistic Algorithm for Testing Primality},
  journal =	 {Journal of Number Theory},
  year =	 1980,
  volume =	 12,
  number =	 1,
  pages =	 {128-138},
  month =	 feb,
  doi =		 {10.1016/0022-314X(80)90084-0}
}

@Misc{raghavan:_randomized_algorithms,
  language =	 {english},
  author =	 {Raghavan, Prabhakar},
  title =	 {Randomized Algorithms},
  howpublished = {\url{http://theory.stanford.edu/people/pragh/amstalk.pdf}},
  note =	 {AMS Talk slides,
		  Stanford Theory Group,
		  Stanford University}
}

@InProceedings{ramakrishna88:_exact_probab_model_finit_hash_tables,
  language =	 {english},
  author =	 {Ramakrishna, M. V.},
  title =	 {An Exact Probability Model for Finite Hash Tables},
  booktitle =	 {Proceedings of the
		  Fourth International Conference on Data Engineering},
  pages =	 {362-368},
  year =	 1988,
  month =	 feb,
  doi =		 {10.1109/ICDE.1988.105480}
}

@Article{ramsey30:_probl_formal_logic,
  language =	 {english},
  author =	 {Ramsey, Frank P.},
  title =	 {On a Problem in Formal Logic},
  journal =	 {Proceedings of the London Mathematical Society},
  year =	 1930,
  volume =	 {s2-30},
  number =	 1,
  pages =	 {264-268},
  doi =		 {10.1112/plms/s2-30.1.264}
}

@Misc{reveliotis97:_intro_linear_progr_simplex_method,
  language =	 {english},
  author =	 {Reveliotis, Spyros},
  title =	 {An Introduction to Linear Programming
		  and the {S}implex {M}ethod},
  howpublished = {\url{http://www2.isye.gatech.edu/~spyros/LP/LP.html}},
  month =	 jun,
  year =	 1997,
  note =	 {School of Industrial and Systems Engineering,
		  Georgia Institute of Technology}
}

@Article{reviriego11:_expect_longest_len_probe_seq,
  language =	 {english},
  author =	 {Reviriego, Peter and
		  Holst, Lars and
		  Maestro, Juan Antonio},
  title =	 {On the Expected Longest Length Probe Sequence
		  for Hashing with Separate Chaining},
  journal =	 {Journal of Discrete Algorithms},
  year =	 2011,
  volume =	 9,
  number =	 3,
  pages =	 {307-312},
  month =	 sep,
  doi =		 {10.1016/j.jda.2011.04.005}
}

@TechReport{rfc3284,
  language =	 {english},
  author =	 {Korn, D. and
		  MacDonald, J. and
		  Mogul, J. and
		  Vo, K.},
  title =	 {The {VCDIFF} Generic Differencing and Compression
		  Data Format},
  institution =	 {Internet Engineering Task Force},
  year =	 2002,
  type =	 {Request for Comments},
  number =	 3284,
  month =	 jun
}

@Misc{ribeiro15:_greedy_algo_monotone_submodular,
  language =	 {english},
  author =	 {Ribeiro, Marco Tulio},
  title =	 {The Greedy Algorithm for Monotone Submodular Maximization},
  howpublished = {\url{https://homes.cs.washington.edu/~marcotcr/blog/greedy-submodular/}},
  month =	 jul,
  year =	 2015
}

@Article{richardson11:_approx_arith_solut_finit_differ,
  language =	 {english},
  author =	 {Richardson, Lewis Fry},
  title =	 {The Approximate Arithmetical Solution
		  by Finite Differences of Physical Problems
		  Including Differential Equations,
		  with an Application to the Stresses in a Masonry Dam},
  journal =	 {Philosophical Transactions of the Royal Society A},
  year =	 1911,
  volume =	 210,
  number =	 {459--470},
  pages =	 {307-357},
  doi =		 {10.1098/rsta.1911.0009}
}

@Article{richardson27:_deferred_approach_limit,
  language =	 {english},
  author =	 {Richardson, Lewis Fry},
  title =	 {The Deferred Approach to the Limit},
  journal =	 {Philosophical Transactions of the Royal Society A},
  year =	 1927,
  volume =	 226,
  number =	 {636--646},
  pages =	 {299-349},
  doi =		 {10.1098/rsta.1927.0008}
}

@Article{rick00:_simpl_fast_linear_space_comput,
  language =	 {english},
  author =	 {Rick, Claus},
  title =	 {Simple and Fast Linear Space Computation
		  of Longest Common Subsequences},
  journal =	 {Information Processing Letters},
  year =	 2000,
  volume =	 75,
  number =	 6,
  pages =	 {275-281},
  month =	 nov,
  doi =		 {10.1016/S0020-0190(00)00114-9}
}

@TechReport{rick94:_new_algor_longes_common_subseq_probl,
  language =	 {english},
  author =	 {Rick, Claus},
  title =	 {New Algorithms for the Longest Common Subsequence Problem},
  institution =	 {University of Bonn},
  year =	 1994,
  number =	 {85123-CS},
  month =	 oct,
  where =	 {http://theory.cs.uni-bonn.de/blum/Mitarbeiter/rick/lcs.ps.Z}
}

@InProceedings{rick95:_new_flexib_algor_longes_subseq_probl,
  language =	 {english},
  author =	 {Rick, Claus},
  title =	 {A New Flexible Algorithm
		  for the Longest Subsequence Problem},
  booktitle =	 {Combinatorial Pattern Matching,
		  \(6^{\mathrm{th}}\) Annual Symposium},
  crossref =	 {cpm95},
  pages =	 {340-351},
  doi =		 {10.1007/3-540-60044-2_53},
  where =	 {http://theory.cs.uni-bonn.de/blum/Mitarbeiter/rick/lcs.dvi}
}

@Article{ridders79:_new_algor_comput_singl_root,
  language =	 {english},
  author =	 {Ridders, C. J. F.},
  title =	 {A New Algorithm for Computing a Single Root
		  of a Real Continuous Function},
  journal =	 {IEEE Transactions on Circuits and Systems},
  year =	 1979,
  volume =	 {CAS-26},
  number =	 11,
  pages =	 {979-980},
  month =	 nov,
  doi =		 {10.1109/TCS.1979.1084580}
}

@InProceedings{rintala15:_prio_queue_class,
  language =	 {english},
  author =	 {Rintala, Matti and
		  Valmari, Antti},
  title =	 {Priority Queue Classes with Priority Update},
  booktitle =	 {Proceedings of the 14th
		  Symposium on Programming Languages and Software Tools
		  (SPLST'15)},
  pages =	 {179-193},
  year =	 2015,
  editor =	 {Nummenmaa, Jyrki and
		  Sievi-Kporte, Outi and
		  M{\"a}kinen, Erkki},
  volume =	 1525,
  address =	 {Tampere, Finland},
  month =	 oct,
  organization = {CEUR Workshop Proceedings},
  publisher =	 {\url{http://ceur-ws.org}},
  issn =	 {1613-0073},
  where =	 {http://ceur-ws.org/Vol-1525/paper-13.pdf}
}

@Book{riordan68:_combin_ident,
  language =	 {english},
  author =	 {Riordan, John},
  title =	 {Combinatorial Identities},
  publisher =	 {John Wiley \& Sons},
  year =	 1968
}

@Article{rivest78:_RSA,
  language =	 {english},
  author =	 {Rivest, Ronald L. and
		  Shamir, Adi and
		  Adleman, Leonard},
  title =	 {A Method for Obtaining Digital Signatures and
		  Public-Key Cryptosystems},
  journal =	 {Communications of the ACM},
  year =	 1978,
  volume =	 21,
  number =	 2,
  pages =	 {120-126},
  month =	 feb
}

@Article{rivest83:_RSA,
  language =	 {english},
  author =	 {Rivest, Ronald L. and
		  Shamir, Adi and
		  Adleman, Leonard},
  title =	 {A Method for Obtaining Digital Signatures and
		  Public-Key Cryptosystems},
  journal =	 {Communications of the ACM},
  year =	 1983,
  volume =	 26,
  number =	 1,
  pages =	 {96-99},
  month =	 jan
}

@Article{robbins55:_remark_Stirlings_formula,
  language =	 {english},
  author =	 {Robbins, Herbert},
  title =	 {A Remark on {S}tirling's Formula},
  journal =	 {The American Mathematical Monthly},
  year =	 1955,
  volume =	 62,
  number =	 1,
  pages =	 {26-29},
  month =	 jan,
  doi =		 {10.2307/2308012}
}

@Book{roberts86:_thinking_recursively,
  language =	 {english},
  author =	 {Roberts, Eric S.},
  title =	 {Thinking Recursively},
  publisher =	 {John Wiley \& Sons},
  year =	 1986,
  isbn =	 {0-471-81652-3}
}

@Article{robinson48:_recursion_double_recursion,
  language =	 {english},
  author =	 {Robinson, Raphael M.},
  title =	 {Recursion and Double Recursion},
  journal =	 {Bulletin of the American Mathematical Society},
  year =	 1948,
  volume =	 54,
  number =	 10,
  pages =	 {987-993},
  month =	 oct,
  doi =		 {10.1090/S0002-9904-1948-09121-2}
}

@Article{rochkind75:_sccs,
  language =	 {english},
  author =	 {Rochkind, Marc J.},
  title =	 {The {S}ource {C}ode {C}ontrol {S}ystem},
  journal =	 {IEEE Transactions on Software Engineering},
  year =	 1975,
  volume =	 {SE-1},
  number =	 4,
  pages =	 {364-370},
  month =	 dec,
  doi =		 {10.1109/TSE.1975.6312866}
}

@Article{romberg55:_vereinfachte_integration,
  language =	 {german},
  author =	 {Romberg, Werner},
  title =	 {Vereinfachte numerische Integration},
  journal =	 {Det Kongelige Norske Videnskabers Selskab Forhandlinger},
  year =	 1955,
  volume =	 28,
  number =	 7,
  pages =	 {30-36}
}

@Misc{rossmanith12:_analysis_algorithms,
  language =	 {english},
  author =	 {Rossmanith, Peter},
  title =	 {Analysis of Algorithms},
  howpublished = {\url{http://tcs.rwth-aachen.de/lehre/Analyse/SS2014/script.ps}},
  month =	 {Summer},
  year =	 2012,
  note =	 {Theoretical Computer Science,
		  RWTH Aachen University}

}

@Article{roura01:_improv_master_theor_divid_conquer_recur,
  language =	 {english},
  author =	 {Roura, Salvador},
  title =	 {Improved Master Theorems for Divide-and-Conquer Recurrences},
  journal =	 {Journal of the ACM},
  year =	 2001,
  volume =	 48,
  number =	 2,
  pages =	 {170-205},
  month =	 mar,
  doi =		 {10.1145/375827.375837}
}

@Article{runge01:_ueber_aequidistante_interpolation,
  language =	 {german},
  author =	 {Runge, Carl},
  title =	 {{\"U}ber empirische Funktionen und die Interpolation
		  zwischen {\"a}quidistanten Ordinaten},
  journal =	 {Zeitschrift f{\"u}r Mathematik und Physik},
  year =	 1901,
  volume =	 46,
  pages =	 {224-243},
  where =	 {https://archive.org/details/zeitschriftfrma12runggoog}
}

@Article{salzer72:_lagrange_interp_chebyshev_points,
  language =	 {english},
  author =	 {Salzer, H. E.},
  title =	 {Lagrangian Interpolation at the {C}hebyshev Points
		  \(x_{n, v} \equiv \cos(v \pi /n)\), \(v = O(1)n\);
		  Some Unnoted Advantages},
  journal =	 {Computer Journal},
  year =	 1972,
  volume =	 15,
  number =	 2,
  pages =	 {156-159},
  month =	 may,
  doi =		 {10.1093/comjnl/15.2.156}
}

@Book{sanders19:_sequen_paral_algo_data_struct,
  language =	 {english},
  author =	 {Sanders, Peter and
		  Mehlhorn, Kurt and
		  Dietzfelbinger, Martin and
		  Dementiev, Roman},
  title =	 {Sequential and Parallel Algorithms and Data Structures:
		  The Basic Toolbox},
  publisher =	 {Springer},
  year =	 2019,
  code =	 {github.com/basic-toolbox-sample-code/basic-toolbox-sample-code},
  isbn13 =	 {978-3-030-25208-3},
  doi =		 {10.1007/978-3-030-25209-0}
}

@Misc{sanglard14:_git_sourc_code_review_architecture,
  language =	 {english},
  author =	 {Sanglard, Fabien},
  title =	 {Git Source Code Review: Genesis},
  howpublished = {\url{http://fabiensanglard.net/git_code_review/architecture.php}},
  month =	 mar,
  year =	 2014
}

@Misc{sanglard14:_git_sourc_code_review_diff,
  language =	 {english},
  author =	 {Sanglard, Fabien},
  title =	 {Git Source Code Review: Diff Algorithms},
  howpublished = {\url{http://fabiensanglard.net/git_code_review/diff.php}},
  month =	 apr,
  year =	 2014
}

@Misc{sanglard14:_git_sourc_code_review_genesis,
  language =	 {english},
  author =	 {Sanglard, Fabien},
  title =	 {Git Source Code Review: Genesis},
  howpublished = {\url{http://fabiensanglard.net/git_code_review/index.php}},
  month =	 mar,
  year =	 2014
}

@Book{sauer11:_numerical_analysis,
  language =	 {english},
  author =	 {Sauer, Timothy},
  title =	 {Numerical Analysis},
  publisher =	 {Pearson},
  year =	 2011,
  edition =	 {Second},
  isbn10 =	 0321783670,
  isbn13 =	 {978-0321783677}
}

@Article{scarborough26:_Simpson_error,
  language =	 {english},
  author =	 {Scarborough, J. B.},
  title =	 {Formulas for the Error in {S}impson's Rule},
  journal =	 {The American Mathematical Monthly},
  year =	 1926,
  volume =	 33,
  number =	 2,
  pages =	 {76-83},
  month =	 feb,
  doi =		 {10.2307/2300068},
  where =	 {https://www.jstor.org/stable/2300068}
}

@Book{schrijver98:_theo_linear_integ_progr,
  language =	 {english},
  author =	 {Schrijver, Alexander},
  title =	 {Theory of Linear and Integer Programming},
  publisher =	 {John Wiley \& Sons},
  year =	 1998,
  isbn10 =	 {0-471-98232-6}
}

@Article{schwartz80:_fast_probab_algor_verif_polyn_ident,
  language =	 {english},
  author =	 {Schwartz, Jacob T.},
  title =	 {Fast Probabilistic Algorithms
		  for Verification of Polynomial Identities},
  journal =	 {Journal of the ACM},
  year =	 1980,
  volume =	 27,
  number =	 4,
  pages =	 {701-717},
  month =	 oct,
  doi =		 {10.1145/322217.322225}
}

@Book{scott11:_numerical_analysis,
  language =	 {english},
  author =	 {Scott, L. Ridgway},
  title =	 {Numerical Analysis},
  publisher =	 {Princeton University Press},
  year =	 2011,
  isbn13 =	 9781400838967,
  where =	 {http://people.cs.uchicago.edu/~ridg/newna/natwo.pdf (draft, 2ns ed, 2016)}
}

@Misc{sebah01:_newton_method_higher_order_iterations,
  language =	 {english},
  author =	 {Sebah, Pascal and
		  Gourdon, Xavier},
  title =	 {Newton's Method and Higher Order Iterations},
  howpublished = {\url{http://numbers.computation.free.fr/Constants/Algorithms/newton.ps}},
  month =	 oct,
  year =	 2001
}

@Misc{sedgewick02:_quicksort_optimimal,
  language =	 {english},
  author =	 {Sedgewick, Robert and
		  Bentley, Jon Louis},
  title =	 {Quicksort is Optimal},
  howpublished = {\url{https://www.cs.princeton.edu/~rs/talks/QuicksortIsOptimal.pdf}},
  month =	 feb,
  year =	 2002,
  note =	 {Department of Computer Science,
		  Princeton University}
}

@Book{sedgewick11:_algorithms,
  language =	 {english},
  author =	 {Sedgewick, Robert and
		  Wayne, Kevin},
  title =	 {Algorithms},
  publisher =	 {Addison-Wesley},
  year =	 2011,
  edition =	 {Fourth},
  isbn10 =	 {032157351X},
  isbn13 =	 {978-0321573513}
}

@Book{sedgewick13:_introd_anal_algor,
  language =	 {english},
  author =	 {Sedgewick, Robert and
		  Flajolet, Philipe},
  title =	 {An Introduction to the Analysis of Algorithms},
  publisher =	 {Addison-Wesley},
  edition =	 {Second},
  year =	 2013
}

@Misc{sedgewick16:_quicksort,
  language =	 {english},
  author =	 {Sedgewick, Robert and
		  Wayne, Kevin},
  title =	 {Quicksort},
  howpublished = {\url{http://algs4.cs.princeton.edu/lectures/23Quicksort.pdf}},
  month =	 aug,
  year =	 2016,
  note =	 {Department of Computer Science,
		  Princeton University}
}

@Article{sedgewick77:_analysis_quicksort,
  language =	 {english},
  author =	 {Sedgewick, Robert},
  title =	 {The Analysis of {Q}uicksort Programs},
  journal =	 {Acta Informatica},
  year =	 1977,
  volume =	 7,
  pages =	 {327-355},
  month =	 dec,
  doi =		 {10.1007/BF00289467},
  where =	 {http://cslabcms.nju.edu.cn/problem_solving/images/7/73/The_Analysis_of_Quicksort_Programs_%28Sedgewick%29.pdf}
}

@Article{sedgewick77:_permut_gener_method,
  language =	 {english},
  author =	 {Sedgewick, Robert},
  title =	 {Permutation Generation Methods},
  journal =	 {ACM Computing Surveys},
  year =	 1977,
  volume =	 6,
  number =	 1,
  pages =	 {137-164},
  month =	 jun,
  where =	 {https://www.princeton.edu/~rblee/ELE572Papers/p137-sedgewick.pdf}
}

@Book{sedgewick83:_algorithms,
  language =	 {english},
  author =	 {Sedgewick, Robert},
  title =	 {Algorithms},
  publisher =	 {Addison-Wesley},
  year =	 1983
}

@Article{seidel05:_top_down_analysis_path_compr,
  language =	 {english},
  author =	 {Seidel, Raimund and
		  Sharir, Micha},
  title =	 {Top-Down Analysis of Path Compression},
  journal =	 {SIAM Journal of Computing},
  year =	 2005,
  volume =	 34,
  number =	 3,
  pages =	 {515-525},
  doi =		 {10.1137/S0097539703439088},
  where =	 {http://epubs.siam.org/doi/pdf/10.1137/S0097539703439088}
}

@Article{seidel96:_random_search_trees,
  language =	 {english},
  author =	 {Seidel, Raimund G. and
		  Aragon, Cecilia A.},
  title =	 {Randomized Search Trees},
  journal =	 {Algorithmica},
  year =	 1996,
  volume =	 16,
  number =	 {4/5},
  pages =	 {464-497},
  month =	 oct
}

@Conference{shanks72:_five_number_theoretic_algorithms,
  language =	 {english},
  author =	 {Shanks, Daniel},
  title =	 {Five Number-Theoretic Algorithms},
  booktitle =	 {Proceedings of the
		  Second Manitoba Conference on Numerical Mathematics},
  year =	 1972,
  editor =	 {Thomas, R. S. D. and
		  Williams, Hugh Cowie},
  volume =	 7,
  series =	 {Congressus Numerantium},
  pages =	 {51-70},
  publisher =	 {Utilitas Mathematica, Winnipeg, Canada}
  }

@Misc{sheehy19:_course_data_struct_oo_design,
  language =	 {english},
  author =	 {Sheehy, Don},
  title =	 {A Course in Data Structures and Object-Oriented Design},
  howpublished = {\url{https://donsheehy.github.io/datastructures}},
  month =	 feb,
  year =	 2019,
  where =	 {git@github.com:donsheehy/datastructures.git}
}

@Article{sherman49:_adjust_inverse_matrix_col_row,
  language =	 {english},
  author =	 {Sherman, Jack and
		  Morrison, Winifred J.},
  title =	 {Adjustment of an Inverse Matrix
		  Corresponding to Changes in the Elements
		  of a Given Column or a Given Row
		  of the Original Matrix (abstract)},
  journal =	 {Annals of Mathematical Statistics},
  year =	 1949,
  volume =	 20,
  number =	 4,
  pages =	 621,
  month =	 dec,
  doi =		 {10.1214/aoms/1177729959}
}

@Article{sherman50:_adjust_inverse_matrix_change,
  language =	 {english},
  author =	 {Sherman, Jack and
		  Morrison, Winifred J.},
  title =	 {Adjustment of an Inverse Matrix
		  Corresponding to a Change in One Element of a Given Matrix},
  journal =	 {Annals of Mathematical Statistics},
  year =	 1950,
  volume =	 21,
  number =	 1,
  pages =	 {124-127},
  month =	 mar,
  doi =		 {10.1214/aoms/1177729893}
}

@Article{shewchuk97:_adapt_precis_float_point_arith,
  language =	 {english},
  author =	 {Shewchuk, Jonathan Richard},
  title =	 {Adaptive Precision Floating-Point Arithmetic
		  and Fast Robust Geometric Predicates},
  journal =	 {Discrete \& Computational Geometry},
  year =	 1997,
  volume =	 18,
  number =	 3,
  pages =	 {305-363},
  month =	 oct,
  where =	 {http://www.cs.cmu.edu/~quake/robust.html}
}

@Misc{skiena06:_backtr_progr_solve_sudoku,
  language =	 {english},
  author =	 {Skiena, Steven S.},
  title =	 {A Backtracking Program to Solve {S}udoku},
  howpublished = {\url{http://www3.cs.stonybrook.edu/~skiena/algorist/book/programs/sudoku.c}},
  month =	 aug,
  year =	 2006,
  note =	 {Department of Computer Science,
		  Stony Brook University}
}

@Misc{skiena07:_backtracking,
  language =	 {english},
  author =	 {Skiena, Steven S.},
  title =	 {Backtracking},
  howpublished = {\url{http://www3.cs.stonybrook.edu/~algorith/video-lectures/2007/lecture15.pdf}},
  year =	 2007,
  note =	 {Department of Computer Science,
		  Stony Brook University}
}

@Book{skiena08:_algor_desig_manual,
  language =	 {english},
  author =	 {Skiena, Steven S.},
  title =	 {The Algorithm Design Manual},
  publisher =	 {Springer},
  year =	 2008,
  edition =	 {Second}
}

@Misc{skinner15:_mathematical_methods,
  language =	 {english},
  author =	 {Skinner, David},
  title =	 {Mathematical Methods:
		  {U}niversity of {C}ambridge Part {1B}
		  Mathematical Tripos},
  howpublished = {\url{http://www.damtp.cam.ac.uk/user/dbs26/1BMethods/All.pdf}},
  year =	 2015
}

@Misc{sleator03:_notes_amortization,
  language =	 {english},
  author =	 {Sleator, Daniel D.},
  title =	 {Notes on Amortization},
  howpublished = {\url{http://www.cs.cmu.edu/afs/cs/academic/class/15451-s04/www/Lectures/amortize.pdf}},
  month =	 feb,
  year =	 2003,
  note =	 {Computer Science Department,
		  Carnegie Mellon University}
}

@Article{sleator85:_amort_effic_list_updat_pagin_rules,
  language = {english},
  author =	 {Sleator, Daniel D. and
		  Tarjan, Robert E.},
  title =	 {Amortized Efficiency of List Updates and Paging Rules},
  journal =	 {Communications of the ACM},
  year =	 1985,
  volume =	 28,
  number =	 2,
  pages =	 {202-208},
  month =	 feb,
  doi =		 {10.1145/2786.2793},
  where =	 {https://www.cs.cmu.edu/~sleator/papers/amortized-efficiency.pdf}
}

@Article{sleator85:_splay_trees,
  language =	 {english},
  author =	 {Sleator, Daniel D. and
		  Tarjan, Robert E.},
  title =	 {Self-Adjusting Binary Search Trees},
  journal =	 {Journal of the ACM},
  year =	 1985,
  volume =	 32,
  number =	 3,
  pages =	 {625-686},
  month =	 jul,
  where =	 {https://www.cs.cmu.edu/~sleator/papers/self-adjusting.pdf}
}

@Misc{sleator92:_splay_tree_code,
  language =	 {english},
  author =	 {Sleator, Daniel D.},
  title =	 {An Implementation of top-down splaying},
  howpublished = {\url{http://www.link.cs.cmu.edu/link/ftp-site/splaying/top-down-splay.c}},
  month =	 mar,
  year =	 1992,
  note =	 {Computer Science Department,
		  Carnegie Mellon University}
}

@Misc{smid04:_hashing,
  language =	 {english},
  author =	 {Smid, Michiel},
  title =	 {Implementing Dictionaries Using Hashing},
  howpublished = {\url{http://people.scs.carleton.ca/~michiel/lecturenotes/EFFALG/hashing.pdf}},
  month =	 jun,
  year =	 2004,
  note =	 {School of Computer Science,
		  Carleton University}
}

@Misc{smid04:_skiplists,
  language =	 {english},
  author =	 {Smid, Michiel},
  title =	 {Skip lists: A Randomized Dictionary},
  howpublished = {\url{http://people.scs.carleton.ca/~michiel/lecturenotes/EFFALG/skiplist.pdf}},
  month =	 mar,
  year =	 2004,
  note =	 {School of Computer Science,
		  Carleton University}
}

@Misc{smid17:_discr_struct_comput_scien,
  language =	 {english},
  author =	 {Smid, Michiel},
  title =	 {Discrete Structures for Computer Science:
		  Counting, Recursion, and Probability},
  howpublished = {\url{http://cglab.ca/~michiel/DiscreteStructures/DiscreteStructures.pdf}},
  month =	 aug,
  year =	 2017,
  note =	 {School of Computer Science,
		  Carleton University}
}

@Misc{smid18:_discr_struct_comput_scien,
  language =	 {english},
  author =	 {Smid, Michiel},
  title =	 {Discrete Structures for Computer Science:
		  Counting, Recursion, and Probability},
  howpublished = {\url{http://cglab.ca/~michiel/DiscreteStructures/DiscreteStructures.pdf}},
  month =	 jul,
  year =	 2018
}

@Misc{smid19:_discr_struct_comput_scien,
  language =	 {english},
  author =	 {Smid, Michiel},
  title =	 {Discrete Structures for Computer Science:
		  Counting, Recursion, and Probability},
  howpublished = {\url{http://cglab.ca/~michiel/DiscreteStructures/DiscreteStructures.pdf}},
  month =	 jul,
  year =	 2019,
  note =	 {School of Computer Science,
		  Carleton University}
}

@Book{smith93:_design_analysis_parallel_algorithms,
  language =	 {english},
  author =	 {Smith, Justin R.},
  title =	 {The Design and Analysis of Parallel Algorithms},
  publisher =	 {Oxford University Press},
  year =	 1993,
  isbn10 =	 0195078810,
  isbn13 =	 {978-0195078817}
}

@Misc{spector09:_memoization,
  language =	 {english},
  author =	 {Spector, Lee},
  title =	 {Memoization},
  howpublished = {\url{http://codeimmersion.i3ci.hampshire.edu/2009/10/09/memoization}},
  month =	 oct,
  year =	 2009,
  note =	 {i3ci at Hampshire College}
}

@Book{spencer14:_asymptopia,
  language =	 {english},
  author =	 {Spencer, Joel},
  title =	 {Asymptopia},
  publisher =	 {The American Mathematical Society},
  year =	 2014,
  number =	 71,
  series =	 {Student Mathematical Library},
  isbn13 =	 {978-1-404-0904-3}
}

@Book{st_denis06:_bignum_math,
  language =	 {english},
  author =	 {St Denis, Tom and
		  Rose, Greg},
  title =	 {{BigNum} {Math}:
		  Implementing Cryptographic
		  Multiple Precision Arithmetic},
  publisher =	 {Syngress Publishing, Inc.},
  year =	 2006,
  isbn10 =	 1597491128,
  where =	 {http://index-of.co.uk/Hacking-Coleccion/BigNum%20Math%20-%20Implementing%20Cryptographic%20Multiple%20Precision%20Arithmetic.pdf}
}

@Article{stage13:_improv_Brent_method,
  language =	 {english},
  author =	 {Stage, Steven A.},
  title =	 {Comments on an Improvement to {B}rent's Method},
  journal =	 {International Journal of Experimental Algorithms},
  year =	 2013,
  volume =	 4,
  number =	 1,
  pages =	 {1-16},
  month =	 {January/February},
  where =	 {http://www.cscjournals.org/manuscript/Journals/IJEA/Volume4/Issue1/IJEA-33.pdf}
}

@Article{stasko87:_pairing_heaps,
  language =	 {english},
  author =	 {Stasko, John T. and
		  Vitter, Jeffrey Scott},
  title =	 {Pairing Heaps: Experiments and Analysis},
  journal =	 {Communications of the ACM},
  year =	 1987,
  volume =	 30,
  number =	 3,
  pages =	 {234-249},
  month =	 mar,
  doi =		 {10.1.1.106.2988}
}

@TechReport{stigge06:_reversing_crc,
  language =	 {english},
  author =	 {Stigge, Martin and
		  Pl{\" o}tz, Henryk and
		  M{\" u}ller, Wolf and
		  Redlich, Hans-Peter},
  title =	 {Reversing {CRC} -- Theory and Practice},
  institution =	 {Humboldt University Berlin,
		  Computer Science Department},
  year =	 2006,
  number =	 {SAR-PR-2006-05},
  month =	 may,
  where =	 {http://sar.informatik.hu-berlin.de/research/publications/SAR-PR-2006-05/SAR-PR-2006-05_.pdf}
}

@Article{stoer97:_simple_min_cut_algorithm,
  language =	 {english},
  author =	 {Stoer, Mechthild and
		  Wagner, Krank},
  title =	 {A Simple Min-Cut Algorithm},
  journal =	 {Journal of the ACM},
  year =	 1997,
  volume =	 44,
  number =	 4,
  pages =	 {585-591},
  month =	 jul,
  doi =		 {10.1145/263867.263872}
}

@Book{strang91:_calculus,
  language =	 {english},
  author =	 {Strang, Gilbert},
  title =	 {Calculus},
  publisher =	 {Wellesley-Cambridge Press},
  year =	 1991,
  where =	 {https://ocw.mit.edu/ans7870/resources/Strang/Edited/Calculus/Calculus.pdf}
}

@Article{strassen69:_matrix_multiplication,
  language =	 {english},
  author =	 {Strassen, Volker},
  title =	 {Gaussian Elimination is not Optimal},
  journal =	 {Numerische Mathematik},
  year =	 1969,
  volume =	 13,
  number =	 4,
  pages =	 {354-356},
  month =	 aug,
  doi =		 "10.1007/BF02165411"
}

@Book{stroustrup13:_C++_progr_lang,
  language =	 {english},
  author =	 {Stroustrup, Bjarne},
  title =	 {The {C++} Programming Language},
  publisher =	 {Addison-Wesley},
  year =	 2013,
  edition =	 {Fourth}
}

@Book{stroustrup14:_tour_C++,
  language =	 {english},
  author =	 {Stroustrup, Bjarne},
  title =	 {A Tour of {C++}},
  publisher =	 {Addison-Wesley},
  year =	 2014
}

@Article{suchenek12:_worst_case_heap,
  language =	 {english},
  author =	 {Suchenek, Marek A.},
  title =	 {Elementary Yet Precise Worst-Case Analysis
		  of {F}loyd's Heap-Construction Program},
  journal =	 {Fundamenta Informaticae},
  year =	 2012,
  volume =	 120,
  number =	 1,
  pages =	 {75-92},
  month =	 jan,
  doi =		 {10-3233/FI-2012-751}
}

@Misc{suchenek15:_worst_case_analysis_heaps,
  language =	 {english},
  author =	 {Suchenek, Marek A.},
  title =	 {A Complete Worst-Case Analysis of Heapsort
		  with Experimental Verification of Its Results,
		  A Manuscript},
  howpublished = {\url{https://arxiv.org/abs/1504.01459}},
  year =	 2015
}

@Book{sueli03:_intro_numerical_analysis,
  language =	 {english},
  author =	 {S{\"u}li, Endre and
		  Mayers, David F.},
  title =	 {An Introduction to Numerical Analysis},
  publisher =	 {Cambridge University Press},
  year =	 2003
}

@Misc{sympy22:_1.10.1,
  key =		 {SymPy},
  language =	 {english},
  title =	 {{SymPy}, Symbolic Manipulation in {Python}},
  howpublished = {\url{https://www.sympy.org}},
  month =	 mar,
  year =	 2022,
  note =	 {Version 1.10.1}}

@Book{szpankowski00:_ave_case_analysis_algorithms_sequences,
  language =	 {english},
  author =	 {Szpankowski, Wojciech},
  title =	 {Average Case Analysis of Algorithms on Sequences},
  publisher =	 {Wiley-Interscience},
  year =	 2000,
  volume =	 50,
  series =	 {Wiley Series in Discrete Mathematics and Optimization},
  isbn10 =	 {047124063X},
  isbn13 =	 {978-0471240631},
  where =	 {https://www.cs.purdue.edu/homes/spa/book.html}
}

@Article{talvila12:_simpl_deriv_basic_quadr_formul,
  language =	 {english},
  author =	 {Talvila, Erik and
		  Wiersma, Matthew},
  title =	 {Simple Derivation of Basic Quadrature Formulas},
  journal =	 {Atlantic Electronic Journal of Mathematics},
  year =	 2012,
  volume =	 5,
  number =	 1,
  pages =	 {47-59},
  where =	 {https://arxiv.org/abs/1202.0249}
}

@Misc{tarjan11:_cs423,
  language =	 {english},
  author =	 {Tarjan, Robert E.},
  title =	 {{C}omputer {S}cience 423 -- {T}heory of {A}lgorithms},
  howpublished = {\url{http://www.cs.princeton.edu/courses/archive/spr11/cos423}},
  month =	 {Spring},
  year =	 2011}

@Article{tarjan75:_union-find_analysis,
  language =	 {english},
  author =	 {Tarjan, Robert E.},
  title =	 {Efficiency of a Good But Not Linear Set Union Algorithm},
  journal =	 {Journal of the ACM},
  year =	 1975,
  volume =	 22,
  number =	 2,
  pages =	 {215-225},
  month =	 apr,
  annote =	 {Analysis of Union-Find},
  doi =		 {10.1145/321879.321884}
}

@Article{tarjan85:_amortized_comp_complexity,
  language = {english},
  author =	 {Tarjan, Robert E.},
  title =	 {Amortized Computational Complexity},
  journal =	 {SIAM Journal of Algebraic and Discrete Methods},
  year =	 1985,
  volume =	 6,
  number =	 2,
  pages =	 {306-318},
  month =	 apr,
  doi =		 {10.1137/0606031},
  where =	 {http://www.cs.princeton.edu/courses/archive/spr06/cos423/Handouts/Amortized.pdf}
}

@Misc{tatham17:_fractal_newton_raphson_iter,
  language =	 {english},
  author =	 {Tatham, Simon},
  title =	 {Fractals Derived from {N}ewton-{R}aphson Iteration},
  howpublished = {\url{https://www.chiark.greenend.org.uk/~sgtatham/newton/}},
  month =	 feb,
  year =	 2017
}

@Misc{teamtom19:_libtommath_1.2.0,
  language =	 {english},
  author =	 {St Denis, Tom and others},
  title =	 {libtommath},
  howpublished = {\url{https://www.libtom.net/LibTomMath}},
  month =	 oct,
  year =	 2019,
  note =	 {Version 1.2.0}}

@TechReport{tichy83:_strin_strin_correc_probl_block_moves,
  language =	 {english},
  author =	 {Tichy, Walter F.},
  title =	 {The String-to-String Correction Problem
		  with Block Moves},
  institution =	 {Department of Computer Science,
		  Purdue University},
  year =	 1983,
  number =	 {83-459},
  where =	 {https://docs.lib.purdue.edu/cstech/378}
}

@Article{tichy85:_rcs,
  language =	 {english},
  author =	 {Tichy, Walter F.},
  title =	 {{RCS} -- A System for Version Control},
  journal =	 {Software -- Practice \& Experience},
  year =	 1985,
  volume =	 15,
  number =	 7,
  pages =	 {637-654},
  month =	 jul,
  doi =		 {10.1002/spe.4380150703},
  where =	 {https://www.cs.purdue.edu/homes/trinkle/RCS/rcs.ps}
}

@Misc{toal16:_algorithms,
  language =	 {english},
  author =	 {Toal, Ray},
  title =	 {Algorithms},
  howpublished = {\url{https://cs.lmu.edu/~ray/classes/a}},
  year =	 2016,
  note =	 {Class notes for CMSI~282, ``Algorithms''
		  Loyola Marymount University,
		  Los Angeles, CA}
}

@Misc{toal:_backtracking,
  language =	 {english},
  author =	 {Toal, Ray},
  title =	 {Backtracking},
  howpublished = {\url{http://cs.lmu.edu/~ray/notes/backtracking}}
}

@Misc{toma07:_splay_trees,
  language =	 {english},
  author =	 {Toma, Laura I.},
  title =	 {Splay Trees},
  howpublished = {\url{http://www.bowdoin.edu/~ltoma/teaching/cs231/fall07/Lectures/splay.pdf}},
  month =	 aug,
  year =	 2007,
  note =	 {Bowdoin College},
  annote =	 {Handout for CS231 ``Algorithms''}
}

@Article{tonelli91:_bemerkung_aufloesung_congruenzen,
  language =	 {german},
  author =	 {Tonelli, Alberto},
  title =	 {Bemerkung {\"u}ber die Aufl{\"o}sung
		  quadratischer Congruenzen},
  journal =	 {Nachrichten
		  von der K{\"o}niglichen Gesellschaft
		  der Wissenschaften
		  und der Georg-Augusts-Universit{\"a}t zu G{\"o}ttingen},
  year =	 1891,
  pages =	 {344-346},
  where =	 {http://www.digizeitschriften.de/dms/img/?PID=GDZPPN002525739}
}

@Book{trefethen13:_approx_theo_approx_pract,
  language =	 {english},
  author =	 {Trefethen, Lloyd N.},
  title =	 {Approximation Theory and Approximation Practice},
  publisher =	 {SIAM},
  year =	 2013,
  isdn13 =	 {978-1-611972-39-9}
}

@Article{trefethen92:_definition_numerical_analysis,
  language =	 {english},
  author =	 {Trefethen, Lloyd N.},
  title =	 {The Definition of Numerical Analysis},
  journal =	 {SIAM News},
  year =	 1992,
  volume =	 25,
  month =	 nov,
  where =	 {https://people.maths.ox.ac.uk/trefethen/publication/PDF/1992_55.pdf}
}

@Misc{treil14:_linear_algeb_done_wrong,
  language =	 {english},
  author =	 {Treil, Sergei},
  title =	 {Linear Algebra Done Wrong},
  howpublished = {\url{https://www.math.brown.edu/~treil/papers/LADW/LADW.html}},
  month =	 sep,
  year =	 2014,
  note =	 {Department of Mathematics,
		  Brown University}

}

@Misc{treil15:_linear_algeb_done_wrong,
  language =	 {english},
  author =	 {Treil, Sergei},
  title =	 {Linear Algebra Done Wrong},
  howpublished = {\url{https://www.math.brown.edu/~treil/papers/LADW/book.pdf}},
  month =	 sep,
  year =	 2015,
  note =	 {Department of Mathematics,
		  Brown University}
}

@Misc{treil17:_linear_algeb_done_wrong,
  language =	 {english},
  author =	 {Treil, Sergei},
  title =	 {Linear Algebra Done Wrong},
  howpublished = {\url{https://www.math.brown.edu/~treil/papers/LADW/book.pdf}},
  month =	 sep,
  year =	 2017,
  note =	 {Department of Mathematics,
		  Brown University}
}

@Misc{trick98:_tutor_dynam_progr,
  language =	 {english},
  author =	 {Trick, Michael A.},
  title =	 {A Tutorial on Dynamic Programming},
  howpublished = {\url{http://mat.gsia.cmu.edu/classes/dynamic/dynamic.html}},
  month =	 jun,
  year =	 1998,
  note =	 {Tepper School of Business,,
		  Carnegie Mellon University}
}

@Article{ukkonen85:_algor_approx_strin_match,
  language =	 {english},
  author =	 {Ukkonen, Esko},
  title =	 {Algorithms for Approximate String Matching},
  journal =	 {Information and Control},
  year =	 1985,
  volume =	 64,
  number =	 {1-3},
  pages =	 {100-118},
  month =	 {January -- March},
  doi =		 {10.1016/S0019-9958(85)80046-2}
}

@Book{vazirani03:_approx_algor,
  language =	 {english},
  author =	 {Vazirani, Vijay V.},
  title =	 {Approximation Algorithms},
  publisher =	 {Springer},
  year =	 2003
}

@InProceedings{volder59:_cordic_computing_techninque,
  language =	 {english},
  author =	 {Volder, Jack E.},
  title =	 {The {CORDIC} Computing Technique},
  booktitle =	 {Proceedings of the Western Joint Computer Conference},
  pages =	 {257-261},
  year =	 1959,
  address =	 {San Franscisco, CA, USA},
  month =	 mar,
  organization = {National Joint Computer Committee},
  where =	 {http://www.computer.org/csdl/proceedings/afips/1959/5054/00/50540257.pdf}
}

@Article{volder59:_cordic_trigon_comput_techn,
  language =	 {english},
  author =	 {Volder, Jack E.},
  title =	 {The {CORDIC} Trigonometric Computing Technique},
  journal =	 {Transactions on Electronic Computers},
  year =	 1959,
  volume =	 8,
  number =	 3,
  pages =	 {226-230},
  month =	 sep,
  where =	 {http://home.citycable.ch/pierrefleur/Jacques-Laporte/Volder_CORDIC.pdf}
},
  note =	 {Department of Computer Science,
		  Princeton University}
}

@Article{wagner74:_string_string_correc_probl,
  language =	 {english},
  author =	 {Wagner, Robert A. and
		  Fischer, Michael J.},
  title =	 {The String-to-String Correction Problem},
  journal =	 {Journal of the ACM},
  year =	 1974,
  volume =	 21,
  number =	 1,
  pages =	 {168-173},
  month =	 jan,
  doi =		 {10.1145/321796.321811}
}

@Book{warnsdorf23:_roesselsprung_loesung,
  language =	 {german},
  author =	 {Warnsdorf, H. C. von},
  title =	 {Des R{\"o}sselspunges einfachste und allgemeinste L{\"o}sung},
  publisher =	 {Th. G. Fr. Varnhagensche Buchhandlung, Schalkalden},
  year =	 1823
},
  note =	 {Department of Computer Science,
		  Princeton University}
}

@Article{warshall62:_theo_boolean_matrices,
  language =	 {english},
  author =	 {Warshall, Stephen},
  title =	 {A Theorem on Boolean Matrices},
  journal =	 {Journal of the ACM},
  year =	 1962,
  volume =	 9,
  number =	 1,
  pages =	 {11-12},
  month =	 jan,
  doi =		 {10.1145/321105.321107}
}

@Misc{wennborg20:_zip_files,
  language =	 {english},
  author =	 {Wennborg, Hans},
  title =	 {Zip Files:
		  History, Explanation and Implementation},
  howpublished = {https://www.hanshq.net/zip.html},
  month =	 feb,
  year =	 2020,
  note =	 {Version 1.3}
}

@Misc{wikipedia16:_c_standard_library,
  language =	 {english},
  author =	 {Wikipedia},
  title =	 {C {S}tandard {L}ibrary},
  howpublished = {\url{https://en.wikipedia.org/wiki/C_standard_library}},
  month =	 nov,
  year =	 2016,
  note =	 {Accessed 2016-11-07}
}

@Misc{wikipedia17:_STL,
  language =	 {english},
  author =	 {Wikipedia},
  title =	 {Standard {T}enplate {L}ibrary},
  howpublished = {\url{https://en.wikipedia.org/wiki/Standard_Template_Library}},
  month =	 jul,
  year =	 2017
}

@Book{wilf02:_algorithms_complexity,
  language =	 {english},
  author =	 {Wilf, Herbert S.},
  title =	 {Algorithms and Complexity},
  publisher =	 {A. K. Peters/CRC Press},
  year =	 2002,
  edition =	 {Second},
  isbn13 =	 {978-1568811789},
  where =	 {https://www2.math.upenn.edu/~wilf/AlgoComp.pdf}
}

@Book{wilf06:_gfology,
  language =	 {english},
  author =	 {Wilf, Herbert S.},
  title =	 {Generatingfunctionology},
  publisher =	 {A. K. Peters, Ltd.},
  year =	 2006,
  edition =	 {Third}
}

@Article{wilkins13:_modif_Brent_method_findin_zeros_funct,
  language =	 {english},
  author =	 {Wilkins, Gautam and
		  Gu, Ming},
  title =	 {A Modified {B}rent's Method for Finding Zeros of Functions},
  journal =	 {Numerische Mathematik},
  year =	 2013,
  volume =	 123,
  number =	 1,
  pages =	 {177-188},
  month =	 jan,
  doi =		 {10.1007/s00211-012-0480-x},
  where =	 {https://link.springer.com/content/pdf/10.1007%2Fs00211-012-0480-x.pdf}
}

@Article{wilkinson59:_ill_conditioned-_poly-I,
  language =	 {english},
  author =	 {Wilkinson, James H.},
  title =	 {The evaluation of the zeros of ill-conditioned polynomials.
		  Part {I}},
  journal =	 {Numerische Mathematik},
  year =	 1959,
  volume =	 1,
  number =	 1,
  pages =	 {150-166},
  month =	 dec,
  doi =		 {10.1007/BF01386381}
}

@Article{wilkinson59:_ill_conditioned-_poly-II,
  language =	 {english},
  author =	 {Wilkinson, James H.},
  title =	 {The evaluation of the zeros of ill-conditioned polynomials.
		  Part {II}},
  journal =	 {Numerische Mathematik},
  year =	 1959,
  volume =	 1,
  number =	 1,
  pages =	 {167-180},
  month =	 dec,
  doi =		 {10.1007/BF01386382}
}

@InCollection{wilkinson84:_perfidious_polynomial,
  language =	 {english},
  author =	 {Wilkinson, James H.},
  title =	 {The Perfidious Polynomial},
  booktitle =	 {Studies in Numerical Analysis},
  publisher =	 {Mathematical Association of America},
  year =	 1984,
  editor =	 {Golub, Gene H.},
  pages =	 {3-28},
  isbn13 =	 {978-0-88385-126-5}
}

@Article{williams64:_alg_heapsort,
  language =	 {english},
  author =	 {Williams, J. W. J.},
  title =	 {Algorithm 232 -- {H}eapsort},
  journal =	 {Communications of the ACM},
  year =	 1964,
  volume =	 7,
  number =	 6,
  month =	 jun,
  pages =	 {347-348},
  where =	 {http://cacm.acm.org/magazines/1964/6/13668-algorithms/pdf}
}

@Misc{williams96:_painless_guide_crc,
  language =	 {english},
  author =	 {Williams, Ross N.},
  title =	 {A Painless Guide to {CRC} Error Detection Algorithms
		  Index V3.00},
  howpublished = {\url{http://www.repairfaq.org/filipg/LINK/F_crc_v3.html}},
  month =	 sep,
  year =	 1996
}

@Book{williamson11:_desig_approx_algor,
  language =	 {english},
  author =	 {Williamson, David P. and
		  Shmoys, David B.},
  title =	 {The Design of Approximation Algorithms},
  publisher =	 {Cambridge University Press},
  year =	 2011,
  isbn10 =	 9780521195270,
  where =	 {http://www.designofapproxalgs.com}
}

@Article{winrich69:_compar_evaluat_schem_interp_polyn,
  language =	 {english},
  author =	 {Winrich, Lonny B.},
  title =	 {Note on a Comparison of Evaluation Schemes
		  for the Interpolating Polynomial},
  journal =	 {Computer Journal},
  year =	 1969,
  volume =	 12,
  number =	 2,
  pages =	 {154-155},
  doi =		 {10.1093/comjnl/12.2.154}
}

@Misc{wirth12:_AD_oberon,
  language =	 {english},
  author =	 {Wirth, Niklaus},
  title =	 {Algorithms and Data Structures},
  howpublished = {\url{https://inf.ethz.ch/personal/wirth/AD.pdf}},
  year =	 2012,
  note =	 {(Oberon Version: August 2004)}
}

@Book{wirth76:_algoritms_data_structures_programs,
  language =	 {english},
  author =	 {Wirth, Niklaus},
  title =	 {Algorithms + Data Structures = Programs},
  publisher =	 {Prentice-Hall},
  year =	 1976,
  isbn10 =	 {0-13-022418-9}
}

@Book{wirth85:_AD,
  language =	 {english},
  author =	 {Wirth, Niklaus},
  title =	 {Algorithms and Data Structures},
  publisher =	 {Prentice Hall},
  year =	 1985,
  isbn10 =	 0130220051,
  isbn13 =	 {978-0130220059}
}

@Article{wolsey82:_analy_greed_algor_submod_set_cover_probl,
  language =	 {english},
  author =	 {Wolsey, Laurence A.},
  title =	 {An Analysis of the Greedy Algorithm
		  for the Submodular Set Covering Problem},
  journal =	 {Combinatorica},
  year =	 1982,
  volume =	 2,
  number =	 4,
  pages =	 {385-393},
  month =	 dec,
  doi =		 {10.1007/BF02579435},
  where =	 {http://luthuli.cs.uiuc.edu/~daf/courses/Optimization/Paperssubmodular/wolsey.pdf}
}

@Misc{wright04:_nonlinear_root_finding,
  language =	 {english},
  author =	 {Wright, Grady},
  title =	 {Nonlinear Root Finding},
  howpublished = {\url{https://www.math.utah.edu/mathcircle/notes/non_linear_root_finding.pdf}},
  month =	 nov,
  year =	 2004
}

@Article{wu90:_sequence_comparison_algorithm,
  language =	 {english},
  author =	 {Wu, Sun and
		  Manber, Udi and
		  Myers, Gene and
		  Miller, Webb},
  title =	 {An \({O(N P)}\) Sequence Comparison Algorithm},
  journal =	 {Information Processing Letters},
  year =	 1990,
  volume =	 35,
  number =	 6,
  pages =	 {317-323},
  month =	 sep,
  doi =		 {10.1016/0020-0190(90)90035-V},
  where =	 {https://publications.mpi-cbg.de/Wu_1990_6334.pdf}
}

@InProceedings{yap11:_elemen_approach_master_recurrences,
  language =	 {english},
  author =	 {Yap, Chee K.},
  title =	 {A Real Elementary Approach to the Master Recurrence
		  and Generalizations},
  booktitle =	 {Theory and Applications of Models of Computation:
		  8th Annual Conference},
  pages =	 {14-26},
  year =	 2011,
  editor =	 {Ogihara, Mitsunori and
		  Tarui, Jun},
  volume =	 6648,
  series =	 {Lecture Notes in Computer Science},
  address =	 {Tokyo, Japan},
  month =	 may,
  publisher =	 {Springer},
  isbn13 =	 {978-3-642-20877-5},
  doi =		 {10.1007/978-3-642-20877-5_3}
}

@Book{yap99:_fundamental_prob_algorithmic_algebra,
  language =	 {english},
  author =	 {Yap, Chee Keng},
  title =	 {Fundamental Problems in Algorithmic Algebra},
  publisher =	 {Oxford University Press},
  year =	 1999,
  isbn10 =	 0195125169,
  isbn13 =	 {978-0195125160},
  where =	 {http://160592857366.free.fr/joe/ebooks/ShareData/Fundamental%20Problems%20in%20Algorithmic%20Algebra%201993%20Yap.pdf}
}

@Misc{yaroslavskiy09:_dual_pivot_quick_algor,
  language =	 {english},
  author =	 {Yaroslavskiy, Vladimir},
  title =	 {Dual-Pivot Quicksort Algorithm},
  howpublished = {\url{http://codeblab.com/wp-content/uploads/2009/09/DualPivotQuicksort.pdf}},
  month =	 sep,
  year =	 2009
}

@Article{younger67:_recognizing_context_free_language,
  language =	 {english},
  author =	 {Younger, Daniel H.},
  title =	 {Recognition and Parsing of Context-Free Languages
		  in Time \(n^3\)},
  journal =	 {Information and Control},
  year =	 1967,
  volume =	 10,
  number =	 2,
  pages =	 {189-208},
  month =	 feb,
  doi =		 {10.1016/S0019-9958(67)80007-X}
}

@Book{zambon15:_sudoku_programming_c,
  language =	 {english},
  author =	 {Zambon, Giulio},
  title =	 {Sudoku Programming with {C}},
  publisher =	 {Apress},
  year =	 2015,
  isbn13 =	 {978-1-4842-0996-7}
}

@InProceedings{zippel79:_probab_algor_sparse_polyn,
  language =	 {english},
  author =	 {Zippel, Richard},
  title =	 {Probabilistic Algorithms for Sparse Polynomials},
  booktitle =	 {Proceedings of the International Symposium
		  on Symbolic and Algebraic Computation},
  pages =	 {216-226},
  year =	 1979,
  publisher =	 {Springer},
  isbn10 =	 {3-540-09519-5},
  where =	 {http://ftp.cecm.sfu.ca/personal/monaganm/teaching/TopicsinCA13/zippel79.pdf}
}
